2784 5088
278 376 352 468 474
445 395 492 442 nn
518 393 664 444 strumus
688 395 732 442 tr
757 393 882 446 ctusrs
905 395 1117 446 ttouaonun

279 509 536 606 ingessissent,
554 508 739 595 evomuit,
755 522 792 580 et
812 531 1030 605 quanquam
1052 508 1212 606 pulsus,
1226 513 1290 606 qui
1385 537 1386 616 ᾗ

283 627 467 698 contracti
485 622 654 712 fuerant,
687 649 726 696 se
742 624 972 722 proderent,
999 639 1127 697 tamen
1144 621 1292 698 'caeterts

281 741 459 816 omnibus
473 742 512 814 in
533 743 641 842 pejus
654 741 917 830 tendentibus,
932 741 1099 840 alvique,
1115 745 1292 816 etvesicae

280 861 525 933 recrementis
548 884 617 958 per
633 883 670 932 se
690 859 934 948 exeuntibus,
948 861 1166 948 morsintra
1181 886 1293 959 quar·
1385 953 1386 960 ἵ

281 994 356 1052 tam
376 1002 397 1050 a
414 1001 502 1051 casu
516 977 650 1050 horam
670 993 725 1050 est
739 993 954 1050 consecuta.
977 979 1167 1067 Cadaver,
1186 980 1297 1075 cujus

283 1121 328 1170 ex
345 1121 432 1182 ore,
449 1110 487 1168 et
502 1095 657 1168 naribus
677 1097 828 1194 sanguis
846 1095 1044 1194 prodibat,
1063 1097 1296 1194 trigesimae

164 1305 170 1314 ι
281 1228 404 1285 morte
417 1213 530 1300 hora,
542 1214 742 1286 etiamtum
759 1228 839 1286 erat
857 1214 1015 1284 omnino
1028 1213 1298 1312 rigidum,nec

283 1332 364 1404 sine
384 1328 662 1407 vehementiori
680 1331 716 1402 vi
738 1329 869 1402 flexile.
899 1331 1073 1428 sinciput
1099 1357 1182 1404 non
1219 1357 1296 1403 uno

282 1447 369 1518 loco
387 1447 620 1544 sugillatum,
644 1446 709 1518 sed
729 1447 783 1519 ibi
802 1449 962 1520 maxime
982 1446 1049 1518 ubi
1068 1471 1297 1520 communes

282 1579 369 1636 sunt
386 1565 466 1660 ejus
490 1579 526 1636 et
542 1562 677 1638 frontis
693 1563 798 1638 fines
819 1569 863 1636 Et
886 1589 975 1638 sane
992 1589 1034 1635 os
1051 1563 1191 1638 frontis
1211 1591 1297 1638 mor

281 1681 446 1754 vidimus
465 1683 586 1769 intus,
608 1697 811 1780 extraque,
847 1707 915 1780 per
948 1681 1129 1771 medium,
1155 1681 1297 1769 ferme,

284 1799 379 1870 rima
397 1797 583 1885 difissum,
601 1825 717 1898 quea
736 1799 907 1897 sincipite
923 1814 1025 1872 recta
1042 1799 1296 1889 descendens,

283 1931 319 1990 et
336 1940 404 2015 per
422 1915 604 1991 fornicem
623 1917 754 2002 orbitae
772 1918 872 1990 oculi
888 1917 1034 1990 dexteri
1045 1918 1150 1990 baud
1161 1919 1296 2017 procui

285 2035 332 2110 ab
350 2034 544 2107 ethmoide
565 2059 651 2108 osse
668 2059 851 2134 pergens,
877 2049 1079 2134 postquam
1095 2039 1151 2108 sio
1173 2053 1294 2110 totum

285 2177 327 2226 os
352 2151 486 2226 frontis
510 2169 743 2252 pervaserat,
774 2155 814 2224 iu
838 2147 925 2228 ¹eam
954 2154 1121 2252 denique
1149 2171 1293 2254 partem

286 2272 378 2344 ossis
398 2270 617 2371 sphenoidis
640 2270 827 2344 transibat
849 2295 917 2370 per
934 2295 1048 2368 quam
1068 2272 1109 2344 in
1131 2273 1293 2346 orbitam

286 2415 324 2462 se
339 2413 377 2462 se
398 2390 535 2486 trajicit
559 2413 698 2462 nervus
716 2389 874 2486 opticus.
901 2395 955 2462 Ex
975 2415 1054 2488 qno
1073 2384 1221 2464 fissura·
1237 2391 1293 2462 iti-

237 2565 241 2571 .
286 2531 378 2578 nere
396 2531 480 2578 cum
508 2490 714 2606 intelligas,
736 2531 805 2605 per
822 2504 1022 2580 frontalem
1042 2510 1171 2580 sinum
1192 2511 1293 2608 pitui

285 2626 421 2696 tarium
444 2649 525 2696 non
543 2626 597 2696 ire
621 2649 700 2696 non
718 2625 906 2722 potuisse3
934 2627 1113 2724 intelligis
1141 2649 1293 2724 quoque

285 2741 477 2840 sanguinis
490 2743 608 2830 viam,
626 2767 646 2813 e
665 2742 842 2830 naribus,
873 2741 1070 2814 utdictum
1083 2759 1158 2830 est,
1181 2761 1294 2843 etper

287 2848 824 2932 communicationembarum
842 2883 930 2933 oum
947 2859 1143 2950 faucibus,
1162 2888 1209 2934 ex
1231 2883 1294 2934 ore

287 2981 395 3050 etiam
411 2977 644 3075 prodeuntis,
679 2977 757 3049 Sub
788 3001 912 3050 crassa
934 2979 1110 3076 meninge
1129 2979 1181 3050 ad
1195 2997 1293 3050 aute·

285 3099 385 3167 riora
403 3095 561 3166 fluidum
578 3096 798 3194 sanguinem
812 3149 822 3184 ,
835 3120 999 3193 eumque
1017 3121 1096 3166 non
1109 3098 1294 3184 multum,

199 3243 204 3252 ·
285 3239 356 3287 nec
381 3213 541 3286 multum
569 3237 723 3310 quoque
740 3267 752 3300 ,
771 3229 808 3285 et
840 3219 981 3310 pariter
1009 3213 1193 3302 fluidum,
1219 3218 1293 3286 imo

285 3331 394 3427 quasi
418 3355 504 3402 cum
522 3353 626 3427 aqum
648 3311 771 3427 aliqua
789 3346 898 3428 parte
925 3332 1168 3404 commistum
1187 3334 1229 3402 in
1245 3333 1295 3402 la·

282 3446 391 3520 terali
416 3461 578 3544 utroque
608 3449 819 3520 uentriculo
845 3448 1201 3546 deprehendimus:
1229 3451 1295 3546 qui

286 3589 372 3636 cum
394 3561 533 3642 fluidus
548 3579 661 3654 esset,
687 3567 813 3638 minus
838 3567 1052 3640 mirandum
1084 3583 1164 3655 est,
1191 3566 1294 3665 quod

285 3684 394 3754 etiam
417 3682 601 3769 intortio,
619 3683 697 3754 imo
726 3699 763 3755 et
782 3685 822 3755 in
853 3687 1014 3758 transitu
1044 3684 1092 3756 ad
1115 3701 1293 3782 quartum

284 3799 535 3871 ventriculum
553 3797 772 3899 fuerit‚quo
789 3801 974 3892 videlicet,
987 3804 1291 3902 praesertimdum

285 3933 501 3991 moveretur
518 3915 698 4006 cadaver,
719 3916 825 3996 facite
843 3945 968 3996 meare
987 3937 1175 4020 potuerat.
1196 3921 1291 3992 Tho-
