2816 5282
310 463 381 538 566
477 487 524 534 nn
550 477 697 534 dminus
721 487 766 534 rr
791 483 917 534 crusis
942 485 1146 536 nonnosum

308 613 523 700 pertusum,
540 597 636 672 illud
659 621 750 670 vero
775 612 864 672 utro
878 587 1044 672 thoracis
1070 623 1158 672 cavo
1175 623 1281 695 excep·

308 735 407 806 tum,
428 741 507 790 nou
533 713 710 791 ostendit.
737 717 927 808 Quoniam
957 733 1084 791 autem
1118 716 1280 792 hominem

308 851 390 908 toto
406 834 563 910 biennio
583 834 728 908 nullam
744 861 791 908 ex
808 859 878 908 suo
894 835 1051 908 vulnere
1070 839 1109 908 in
1130 834 1282 908 naturali·

308 954 400 1042 bus,
419 967 456 1026 et
475 951 655 1026 uitalibus
661 935 918 1044 facultatibus
947 953 1103 1028 sensisse
1125 953 1281 1026 laesionem

307 1071 457 1160 scribit,
478 1069 601 1144 donec
637 1070 756 1142 eolica
774 1071 948 1168 passione
967 1069 1176 1170 prehensus
1205 1069 1282 1142 dien

307 1189 423 1278 obiit,
443 1188 624 1262 credibile
648 1185 792 1274 luisset,
807 1188 1011 1277 intestinis,
1028 1213 1110 1286 quar
1133 1205 1283 1286 tunquam
1358 1255 1359 1284 ,

304 1307 397 1386 folle
409 1309 542 1404 inflatu
559 1321 709 1405 reperta
723 1319 833 1394 sunt,
852 1307 1035 1402 impetum
1053 1307 1095 1378 in
1109 1306 1233 1378 vulnus
1247 1300 1283 1374 la·

306 1423 512 1512 cientibus,
537 1437 618 1496 tum
630 1423 783 1496 demum
797 1423 932 1518 majori
947 1421 1077 1498 saltem
1096 1438 1197 1523 parte
1209 1421 1284 1494 illius

305 1543 380 1615 ooli
394 1541 581 1640 portionis
599 1542 798 1614 transitum
820 1539 1060 1640 patefecisse,
1090 1543 1161 1614 nisi
1184 1562 1284 1614 cousu-
1358 1583 1359 1590 κ

306 1657 462 1734 lidorum
461 1660 587 1750 fluisse
608 1674 795 1757 repertum
803 1659 930 1732 nescio
954 1658 1047 1756 quid
1058 1659 1285 1746 diceus,num
1358 1633 1359 1728 l

303 1775 555 1850 devulnerato
577 1774 754 1848 nonnihil
768 1776 870 1864 colo,
886 1801 935 1848 an
953 1774 1230 1875 diaphragmate
1244 1774 1285 1844 in·

302 1900 472 2000 telliga't,
498 1924 568 1972 nos
585 1897 723 1970 dubios
737 1897 980 1997 relinqueret.
992 1897 1066 1972 Sed
1090 1898 1139 1974 de
1158 1899 1286 1997 repetita

302 2015 445 2090 diutius
469 2017 508 2088 vi
531 2016 639 2090 satis:
656 2039 761 2088 nurse
793 2014 1027 2090 validissima
1052 2017 1219 2116 exempla
1239 2012 1285 2086 ad·

297 2135 482 2230 jiciamus.

356 2251 408 2324 13.
429 2254 583 2325 Certum
599 2263 675 2336 est,
701 2249 742 2320 in
767 2250 889 2347 prima
916 2252 1091 2324 omnium
1113 2247 1286 2325 ventriculi

299 2369 399 2440 intra
426 2367 621 2440 thoracem
643 2368 814 2440 contrusi
840 2365 1167 2460 observationum,
1188 2389 1285 2468 quea

299 2484 441 2584 Pareo(
447 2485 484 2582 1)
493 2483 624 2556 habita
635 2499 691 2556 est
705 2485 743 2556 in
756 2485 916 2574 latomo,
930 2487 1220 2564 contrudentem
1229 2486 1284 2555 vin
1357 2507 1358 2558 3

299 2600 412 2676 finisse
439 2600 717 2674 validissimam.
744 2605 840 2674 Nam
872 2628 942 2700 per
958 2605 1100 2678 vulnus
1128 2605 1285 2680 tendinee
1357 2609 1358 2672 ζ

298 2721 415 2818 partis
450 2717 771 2817 diaphragmatis,
801 2722 863 2794 vix
896 2719 1075 2819 pollicem
1113 2723 1285 2798 latimdine

297 2860 468 2934 sequane,
485 2835 576 2908 illuc
594 2839 828 2935 compulsus,
846 2839 975 2912 triduo
993 2858 1195 2941 postquam
1212 2837 1283 2912 illud
1357 2881 1358 2972 p

293 2953 478 3027 inflictum
492 2951 632 3044 fuerat,
647 2955 825 3028 inventus
840 2973 905 3032 est.
918 2958 1163 3036 Bartholinus
1173 2961 1224 3059 (a)
1240 2981 1286 3028 au·
1357 2979 1358 3052 g

295 3088 371 3146 tem
390 3072 465 3144 illic
486 3097 566 3144 non
586 3073 839 3146 ventriculum
860 3075 992 3167 modo,
1016 3078 1139 3154 sedet
1162 3092 1283 3177 partem

295 3190 454 3262 aliorum
474 3191 678 3278 viscerum,
702 3206 740 3263 et
758 3194 981 3266 nominatim
1002 3195 1140 3277 lienis,
1171 3197 1284 3292 depre-

295 3306 430 3378 hendit
448 3305 731 3395 observatione,
747 3309 787 3380 in
807 3310 995 3409 plerisque
1010 3313 1093 3409 ejus
1117 3313 1283 3386 simillima

294 3449 410 3522 quam
422 3450 467 3496 ex
483 3425 653 3498 Valsalva
665 3429 945 3526 proposuimus.
961 3434 1004 3502 ln
1024 3447 1186 3529 utraque
1200 3430 1282 3502 enim

294 3541 404 3613 simul
420 3567 506 3613 cum
517 3541 798 3642 diaphragmate
817 3545 1035 3620 vulneratus
1047 3547 1282 3630 ventriculus,

293 3673 330 3729 et
344 3659 476 3756 pulmo
491 3673 570 3748 est,
588 3673 626 3732 et
636 3685 739 3734 mors
756 3664 914 3761 contigit
929 3667 1038 3740 tertio
1058 3665 1138 3738 die:
1154 3681 1194 3740 ut
1208 3681 1282 3736 ten·

331 3941 375 4018 (ι)
398 3939 553 4016 Sepulchr.
565 3945 586 4001 1.
601 3952 631 4015 4,
645 3965 669 4003 s.
681 3947 746 4004 hac.
760 3947 796 4020 3,
807 3949 875 4006 obs.
890 3962 946 4023 an,
959 3953 975 4020 ς
987 3968 1017 4021 7.

331 4041 376 4117 (a)
396 4041 474 4100 Ibid.
487 4045 551 4101 obs.
567 4063 618 4116 ao,
637 4049 653 4112 S
671 4063 697 4101 a.

282 4609 1356 4742 ᾖ
