2854 4660
297 413 372 502 324
466 437 513 484 nr
539 433 685 484 sumnus
710 435 754 482 m
779 423 904 482 causis
929 434 1139 484 noanonuu
1408 495 1409 506 χ

297 574 360 624 sus
377 545 451 647 (ι),
472 549 666 645 Graecique
683 546 738 617 illi
754 544 835 644 (a),
856 561 893 618 et
916 571 978 620 res
995 549 1075 646 ipsa
1097 547 1194 620 adeo
1217 571 1312 618 con·
1408 565 1409 632 ,

295 665 473 756 firmant,
494 681 536 738 ut
562 666 648 762 qui,
676 663 780 736 nulla
812 663 937 736 addita
963 664 1061 738 sedis
1086 666 1310 750 mentione,

297 785 442 858 clavum
461 783 572 871 dicit,
589 782 654 869 iis,
674 783 879 880 praesertim
900 785 931 854 si
949 781 1118 854 medicus
1137 784 1310 866 nonsit,

296 901 404 1001 pedis
420 901 567 972 clavum
586 899 713 998 potius
731 923 844 996 quam
862 899 1015 972 alterins
1035 901 1168 998 partiS,
1190 901 1311 998 signi·
1408 967 1409 986 ,

196 1110 201 1120 ,
296 1017 409 1090 ficare
425 1017 615 1088 videatur:
639 1041 858 1114 quanquam
887 1041 935 1088 ne
959 1016 1128 1088 medicus
1147 1016 1311 1114 quidem

198 1213 203 1220 ,
298 1161 380 1210 eam
402 1133 508 1208 facile
523 1135 779 1222 mentionem,
795 1132 942 1206 aliudve
961 1132 1182 1230 adjunctum
1204 1135 1312 1204 omit-

296 1269 370 1342 tet,
389 1255 420 1326 si
440 1253 535 1324 clavi
558 1245 721 1324 nomine'
739 1250 937 1350 designare
959 1250 1061 1322 aliud
1082 1251 1173 1322 velit
1199 1251 1308 1349 quod

296 1372 423 1442 minus
451 1367 670 1466 frequenter
698 1367 815 1440 soleat
844 1393 891 1440 eo
916 1367 1103 1440 vocabulo
1127 1366 1306 1455 indicari,
1408 1427 1409 1440 ,

295 1487 509 1584 cujusmodi
530 1501 619 1557 sunt
639 1486 839 1558 oculorum
860 1486 968 1574 clavi,
994 1501 1058 1558 aut
1078 1483 1304 1556 furunculo-

295 1631 382 1678 rum
401 1603 591 1703 quoddam
620 1628 759 1700 genus,
779 1603 882 1701 quod
911 1604 1114 1684 nonnullos
1130 1603 1299 1689 clavum,

269 1738 366 1818 'aut
391 1727 538 1819 spinam
577 1719 776 1820 appellare
805 1727 1031 1796 consuevisse
1070 1723 1172 1820 leges
1202 1718 1301 1819 apud

294 1841 516 1940 Ingrassiam
532 1837 602 1936 (3),
615 1853 679 1909 aut
695 1837 834 1936 pedum
851 1841 1022 1936 ipsorum
1037 1837 1193 1936 quidam
1207 1837 1299 1908 clavi

296 1959 348 2032 sic
367 1959 527 2056 accepti,
547 1972 590 2029 ut
614 1956 662 2030 ab
683 1972 836 2028 auctore
859 1955 1111 2044 medicarum,
1134 1981 1220 2052 quae
1240 1959 1301 2028 Ga·

296 2077 384 2148 leno
404 2075 598 2174 adscriptae
610 2089 697 2146 sunt
712 2127 721 2163 ,
737 2075 967 2146 Finitionum
979 2073 1057 2170 (4);
1076 2074 1116 2144 in
1137 2073 1186 2144 iis
1200 2074 1299 2144 enim

295 2193 374 2265 haec
385 2193 538 2291 legitur:
549 2191 677 2274 ¹clavus
697 2206 751 2262 ert
762 2189 865 2262 ulcus
878 2197 916 2261 in
930 2189 1188 2289 peduplanta
1205 2192 1299 2262 orbi·

294 2311 481 2397 colatum,
502 2308 608 2406 quod
630 2307 768 2380 callum
792 2315 991 2380 contraxit.
1024 2308 1150 2404 Cujus'
1167 2307 1298 2380 defini-

292 2429 405 2500 tionis
425 2429 455 2498 si
472 2425 619 2498 medico
647 2425 794 2497 erudito
827 2424 1026 2498 Lochnero
1056 2423 1111 2522 (5)
1135 2427 1297 2498 venisset

293 2546 333 2616 in
351 2559 536 2630 mentem,
556 2567 643 2614 cum
669 2544 833 2640 speciem
852 2541 1083 2639 maligniores
1100 2543 1296 2638 cujusdam

294 2660 391 2735 clavi
403 2663 442 2732 in
463 2659 570 2757 pedis
587 2661 716 2732 eadem
743 2676 848 2759 parte
873 2683 968 2759 saepe
988 2661 1035 2733 ab
1055 2685 1093 2734 se
1117 2684 1201 2732 non
1223 2663 1298 2734 sine

226 2827 228 2832 .
295 2792 496 2850 consecuta
517 2793 640 2849 morte
665 2793 905 2875 conspectam
932 2777 1185 2867 describeret3
1201 2779 1296 2850 illius

275 2897 543 2988 mentionem,
562 2909 605 2966 ut
622 2895 780 2992 opinor,
798 2895 978 2968 libentius
1000 2893 1166 2983 fecisset,
1187 2919 1296 2993 quam

292 3013 444 3097 morbi,
469 3037 489 3084 a
506 3013 641 3084 Priscis
649 3037 831 3108 gemursoe
849 3013 1049 3111 appellati,
1068 3027 1204 3112 utpote
1216 3016 1295 3111 qui,

293 3134 324 3206 si
344 3131 404 3202 vel
424 3129 519 3201 clavi
546 3128 670 3228 aliqua
694 3130 835 3228 species
860 3126 952 3218 fuit,
984 3153 1065 3202 non
1098 3144 1226 3202 tamen
1258 3132 1292 3200 in

399 3480 476 3536 Sect.
494 3483 529 3542 14
547 3477 597 3533 cit.

397 3580 464 3634 Act.
487 3575 639 3634 tetrahibl.
657 3583 689 3648 4,
712 3593 799 3635 serm.
817 3593 849 3648 a,
873 3595 898 3632 c.
922 3576 959 3634 aa
971 3617 980 3650 ,
993 3588 1022 3636 et
1037 3579 1119 3636 Paul.
1138 3579 1159 3636 1.
1183 3579 1219 3652 3,
1242 3577 1284 3634 cit.

364 3479 376 3557 )

364 3579 376 3657 )

332 3478 360 3554 (1

332 3579 363 3654 (a

293 3677 377 3736 odo.

362 3778 374 3855 )
395 3777 439 3832 De
452 3786 562 3830 tumor.
575 3793 607 3849 p.
622 3793 653 3831 n.
671 3773 774 3832 ubido
789 3763 937 3834 furuncul.

362 3875 375 3952 )
393 3877 460 3932 Jam
472 3874 598 3950 propius
614 3872 713 3931 finem.

394 3976 471 4052 Eph.
485 3977 523 4034 N.
535 3976 567 4035 C.
583 3984 659 4034 cent.
678 3994 692 4034 1
705 3981 736 4036 et
748 3991 782 4048 a,
797 3972 863 4034 obs.
879 3989 946 4052 190.
