2828 4652
283 439 352 513 '182
448 463 494 508 ur
521 461 668 510 scurrus
694 461 738 509 nr
764 461 887 510 causis
914 463 1126 512 noneoauu

282 579 372 650 alias
385 579 439 675 (1)
456 577 606 674 scripsi,
625 573 789 675 hydropi
818 578 885 674 qui
910 573 1045 648 febrim
1077 595 1294 686 exceperat,

282 696 423 785 solut0,
437 693 562 766 morbi
573 695 635 766 alii
648 717 796 792 graves,
810 719 937 794 neque
954 695 1004 767 ita
1022 693 1156 768 breves
1171 695 1253 782 sed,
1269 697 1295 768 ii

282 824 436 913 quoque
452 811 657 910 ejusmodi,
673 827 714 884 ut
738 813 847 886 exiis
866 837 964 912 aeger
989 813 1294 904 convalesceret,

281 945 556 1005 successerunt.
574 935 621 1003 At
640 931 756 1002 semel
774 931 934 1002 omnino
955 931 1043 1030 aegri
1061 931 1239 1004 interitus
1251 959 1297 1004 ex

281 1047 493 1122 autumnali
512 1048 676 1148 maligna
694 1045 811 1138 febri,
829 1073 941 1147 quem
959 1073 1029 1147 ego
1046 1074 1172 1146 neque
1190 1063 1295 1138 ante,

281 1193 354 1242 nec
371 1181 458 1266 post
475 1165 581 1238 illum
595 1189 715 1237 unum
731 1165 831 1238 diem
848 1167 980 1257 invisi,
997 1183 1039 1238 ut
1052 1163 1235 1256 febrisne,
1248 1191 1296 1236 an

280 1299 481 1386 peecatum
496 1283 637 1382 aliquid
650 1299 778 1384 postea
796 1299 861 1356 aut
877 1282 925 1358 ab
937 1286 1040 1383 ips0‚
1061 1301 1125 1356 aut
1137 1283 1185 1356 ab
1206 1283 1297 1356 assi-

282 1402 480 1494 dentibus,
510 1418 575 1474 aut
597 1401 644 1474 ab
677 1401 826 1475 medico
858 1401 1058 1491 occiderit,
1090 1427 1161 1501 pro
1190 1417 1296 1474 certo

242 1519 246 1532 '
281 1522 468 1606 nesciam,
484 1535 527 1594 ut
546 1545 671 1618 neque
686 1546 734 1592 an
745 1545 866 1593 arenae
881 1521 951 1591 illae
961 1535 1043 1592 toto
1056 1520 1184 1592 morbi
1201 1537 1295 1593 tem·
1316 1508 1319 1524 '

282 1665 377 1740 pore
399 1637 575 1730 fuissent,
593 1663 641 1711 an
668 1664 712 1710 eo
737 1639 905 1738 primum
936 1639 997 1710 die
1018 1640 1296 1738 apparuissent.
1360 1631 1364 1644 ’

283 1759 415 1858 Neque
443 1759 543 1830 enim
557 1757 603 1828 de
625 1757 669 1830 iis
693 1755 833 1856 loquor
862 1783 945 1856 quae
966 1781 1139 1858 semper,
1165 1756 1232 1828 sed
1252 1754 1298 1828 de

284 1877 331 1947 iis
360 1889 508 1948 tantum
535 1899 617 1974 quae
636 1875 765 1974 vigore
789 1874 916 1947 morbi
934 1873 981 1946 ad
1003 1873 1298 1948 declinationem

283 1992 362 2092 jam
383 1993 585 2068 accedente
600 2049 610 2084 ,
625 2008 688 2066 aut
701 1993 772 2064 hac
787 1993 980 2083 inchoata,
998 2019 1036 2065 se
1056 1991 1220 2092 prodere
1241 1993 1299 2063 in·

286 2113 433 2212 cipiunt
444 2112 677 2184 adhaerentes
691 2113 906 2210 superficiei
914 2167 924 2201 ,
934 2126 977 2183 ut
988 2109 1148 2184 Gradius
1161 2109 1221 2208 (2)
1230 2113 1296 2200 ait,

289 2229 464 2318 urt'nolis;
482 2253 559 2300 non
581 2230 717 2316 urinae,
735 2243 777 2300 ut
796 2229 836 2298 in
863 2226 1111 2327 Sepulchreto
1137 2227 1191 2325 (3)
1213 2225 1300 2298 des-

191 2337 194 2342 *
291 2348 456 2446 criptum
474 2347 595 2444 leges,
616 2345 744 2418 ubine
765 2343 861 2418 liber
873 2344 1028 2444 quidem
1048 2347 1089 2416 in
1114 2370 1191 2444 quo
1218 2343 1299 2416 haec

291 2463 460 2562 scripsit,
484 2463 684 2536 indicatur.
713 2465 859 2562 Nempe
887 2461 1022 2536 lotium
1052 2463 1093 2535 in
1123 2463 1300 2563 praeclara

290 2579 374 2650 luce
396 2579 619 2678 inspiciens,
639 2579 912 2655 animadvertes
931 2583 1059 2654 vitreae
1077 2581 1228 2654 matulae
1249 2581 1300 2653 la·

288 2696 434 2770 teribus
466 2688 639 2770 arenulas
671 2713 804 2772 tenues
836 2699 1094 2790 adhaerentes,
1124 2723 1300 2772 nonnun-

290 2841 402 2914 quam
416 2831 542 2888 tamen
561 2817 672 2890 simul
691 2819 731 2887 in
749 2820 865 2890 urinae
882 2815 1082 2918 superficie
1106 2833 1300 2906 natantes,

292 2931 463 3005 subrufus
478 2949 520 3006 ut
532 2933 761 3032 plurimum,
781 2934 954 3008 subalbas
967 2963 1144 3036 perraro,
1167 2935 1297 3036 quales

290 3055 327 3126 in
343 3054 482 3150 juvene
501 3053 667 3150 quodam
688 3079 774 3124 cum
792 3051 905 3125 febris
923 3056 1103 3154 maligna,
1138 3071 1175 3130 et
1196 3055 1295 3156 peti-

290 3169 384 3242 culis
394 3171 527 3268 stipata
540 3169 767 3261 declinaret,
786 3171 922 3244 vidisse
941 3173 1107 3243 memini.

341 3316 397 3360 aa.
416 3295 524 3360 Facta
539 3289 644 3361 istius
667 3289 815 3386 juvenis
837 3292 979 3363 mentio
1002 3291 1049 3362 ad
1075 3293 1302 3363 memoriam·

289 3405 426 3502 redigit
449 3409 687 3504 sanguinem,
707 3410 773 3506 qui
798 3411 837 3478 in
867 3409 947 3505 ejus
976 3409 1113 3482 morbo
1141 3423 1297 3508 quater,

284 3625 457 3652 rm

325 3784 370 3862 (r)
391 3784 530 3860 Epistu,
544 3804 574 3840 n.
594 3804 640 3842 10.

330 3896 371 3978 (a)
394 3903 479 3954 Prax.
493 3899 525 3953 in
537 3919 609 3954 non.
625 3901 794 3958 Almansor.
810 3911 848 3956 tr.
865 3901 891 3972 3,
910 3919 935 3957 c.
952 3909 998 3969 ¹l·

334 4009 377 4090 (3)
399 4014 434 4066 In
452 4009 544 4068 schol.
560 4012 609 4068 eit.
