2816 5282
305 447 374 526 532
472 459 518 506 nn
544 439 690 498 sturnus
716 435 759 480 nr
785 421 908 477 causis
934 407 1145 468 rruununura

304 607 378 686 que
393 575 494 649 idem
513 575 646 637 auctor
664 548 718 648 (1)
744 534 921 620 dissecuit
937 526 1061 599 multo
1085 519 1192 592 citius
1209 529 1286 580 nor·
1358 487 1359 580 i

305 721 434 782 tuum,
459 687 547 786 quia
566 687 699 778 Praeier
725 673 847 738 costas
862 648 983 722 multo
1001 642 1133 741 piures
1149 625 1288 702 confrac-
1358 629 1359 662 f

304 840 382 902 tas,
401 798 680 890 nonnullasque
692 784 856 886 lunatas,
871 793 917 840 ex
933 755 1117 854 disruptis
1134 752 1290 820 intereos-

308 933 446 1014 talibus
463 921 575 1004 vasis,
596 905 767 982 etaltera
791 918 837 965 ex
855 881 1014 961 internis
1038 868 1185 944 arteriis
1198 883 1291 932 man·

625 1029 726 1096 intra
753 1012 949 1084 thoracem
975 991 1130 1088 sanguis
1159 977 1293 1054 suffoca-

312 1293 406 1367 rotis
421 1283 543 1355 fuerat
557 1263 746 1342 subactus.
760 1219 963 1320 snitoc'a'tio
973 1229 1142 1332 pariter,
1159 1215 1220 1292 sed
1235 1215 1297 1281 inu·
1358 1235 1359 1238 ¹

312 1412 472 1512 pinam,
497 1409 534 1465 et
552 1387 612 1459 die
632 1371 759 1450 morbi
779 1359 1004 1446 undecimo,
1024 1341 1225 1416 'hominem
1239 1349 1298 1400 sus·
1358 1309 1359 1338 ³

316 1527 405 1602 tulit
428 1534 541 1614 quem
559 1505 790 1602 prostratum
818 1478 908 1576 equi
931 1468 1047 1570 pedes
1073 1458 1297 1532 calcaverant,
1358 1449 1359 1528 ζ

316 1659 400 1719 rota
414 1647 541 1708 autern
555 1614 682 1692 onusti
701 1623 853 1684 currus,
873 1615 948 1692 per.
959 1586 1118 1658 dorsum
1139 1568 1299 1645 traducta,

322 1753 605 1854 compresserat.
635 1738 679 1804 In
711 1726 807 1810 hoc,
833 1724 968 1814 praeter
989 1701 1079 1785 alia,
1108 1695 1299 1764 trescasas

323 1881 470 1959 fractas,
478 1845 772 1959 etquarunrdam
783 1817 1140 1924 cartilaginesplane
1150 1808 1301 1898 disruptas
1358 1761 1359 1802 ³

616 1967 758 2040 odorus
777 1951 994 2043 Zwingcrus
1009 1933 1075 2033 (n).
1104 1931 1245 2020 Meryns
1265 1907 1303 2006 (3)

262 2019 265 2024 '
324 1985 522 2088 conspexit
534 1975 613 2048 The

634 2082 694 2154 cui
723 2087 855 2176 pectus
880 2075 970 2134 rotae
1002 2053 1214 2151 presserant
1233 2050 1302 2106 tran·

327 2127 454 2190 autent
482 2095 606 2178 senis,

326 2225 480 2306 -seuntis'
490 2209 617 2288 rhedae
631 2257 641 2289 ,

330 2334 561 2454 physematis
581 2338 732 2397 tumore

333 2461 561 2560 incipiente,

336 2585 515 2671 deinceps
529 2585 598 2664 per
615 2536 936 2626 ambitumterme
950 2541 1072 2600 totum
1094 2505 1252 2611 corporis
1266 2517 1307 2567 au·
1358 2525 1359 2592 p

341 2703 538 2803 gescentc,
564 2679 687 2751 donec
714 2671 866 2762 quarto¹
885 2651 945 2723 die
977 2663 1081 2715 mors
1121 2625 1264 2728 ingruit,
1279 2624 1306 2682 ti
1358 2609 1359 2666 i

341 2811 471 2893 mirari
480 2827 560 2876 non
577 2797 751 2892 oporteat
761 2771 867 2876 quod
877 2761 1041 2866 agricola
1049 2755 1107 2855 (4)
1116 2749 1217 2846 cujus
1229 2727 1304 2809 lateri

340 2967 366 3014 a
384 2930 549 3029 fugiente
565 2932 665 3011 equo
677 2917 756 2976 tota
768 2891 880 2968 aratri
899 2882 1019 2956 moles
1032 2879 1085 2949 sic
1106 2875 1241 2945 incussa
1255 2849 1325 2922 tues

346 3071 425 3140 rat,
440 3059 483 3118 ut
499 3050 641 3112 costam
652 3021 860 3114 frangeret,
875 3027 961 3076 cum
972 2992 1213 3094 emphysema
1226 2985 1308 3046 acces

1042 3112 1049 3126 ’
1131 3099 1253 3177 rabat,
1287 3085 1309 3148 it
1358 3143 1359 3160 ,

671 2195 805 2268 fractas
824 2195 946 2256 costas
965 2169 1113 2244 invenit
1134 2161 1236 2240 duas,
1251 2169 1304 2219 en·
1358 2187 1359 2198 κ

750 2305 917 2407 primunr
943 2289 1003 2364 ad¹
1020 2285 1191 2358 fractura
1211 2266 1305 2342 sedent
1358 2207 1359 2292 i

591 2454 647 2526 et,
680 2452 766 2502 curn
806 2404 1065 2514 respirationis
1111 2386 1304 2470 difficultate,
