2812 4656
161 431 230 480 ιιι.
246 430 296 482 ιι.
314 409 361 480 nn
373 431 511 488 nonme
524 423 810 494 onrnuneaetc.
829 434 943 484 nrrsr.
960 437 993 483 u.
1023 408 1096 513 273

83 544 160 646 ipsi
172 545 345 645 pondus,
362 561 400 618 et
419 561 617 645 urgentem
638 547 805 620 molem:
834 573 915 646 qnae
937 552 976 622 in
999 554 1099 650 epis·

80 665 161 738 tola
172 664 239 736 illa
258 667 312 734 IX
322 662 378 762 (ι)
393 687 520 762 presse
534 663 793 737 indicavimus.
816 671 956 765 Longe.
972 683 1100 744 tamen
1115 653 1122 668 ⁵

81 785 258 884 graviora
278 781 449 856 accidere
470 783 517 856 ab
539 785 652 858 nimis
674 799 782 856 aucta
809 788 1002 882 pressione
1018 812 1103 885 pos-

81 916 193 990 sunt,
214 902 292 974 sive
319 899 399 972 haeo
417 901 458 972 in
481 900 677 998 jugulares
704 926 820 976 venas
845 903 973 994 cadat,
1000 905 1104 985 uude

81 1043 284 1120 soporem,
322 1033 360 1092 et
395 1018 634 1118 apoplexiam
667 1019 824 1094 illustris
853 1020 948 1094 vidit
981 1023 1106 1097 Halie-

80 1163 149 1212 rus
173 1136 247 1236 (a),
276 1137 353 1209 sive
380 1161 562 1236 asperam
595 1139 772 1208 arteriam
800 1141 987 1237 praecipue
1019 1141 1128 1214 ads--¹

81 1257 245 1353 tringat‚
262 1253 370 1354 quod
382 1253 485 1326 idem
497 1253 720 1344 adnotavit,
738 1256 794 1330 ita
804 1257 859 1328 uti
875 1258 1027 1358 spiritus
1043 1260 1106 1330 vix
1177 1247 1181 1253 ’

81 1375 204 1474 possit
222 1372 331 1454 du'ci;
350 1373 428 1445 imo
450 1396 500 1444 ne
516 1372 590 1444 vix*
602 1372 778 1471 quidem,
800 1373 909 1448 sicuti
928 1375 1105 1448 observa-

80 1507 174 1564 runt
189 1491 278 1578 alii,
302 1504 438 1590 etprae
459 1491 601 1566 caeteris
626 1489 899 1590 Kerckringius
928 1493 1003 1592 (3),
1035 1497 1103 1593 qui

79 1609 305 1684 miseranda
336 1606 483 1680 feminae
509 1607 763 1682 suffocatione
793 1627 1010 1708 permotus,
1044 1639 1106 1687 re-

40 1793 44 1798 .
81 1726 288 1827 prehendit
297 1725 467 1802 medicos
492 1729 561 1826 qui
583 1726 790 1802 humorum
815 1731 1105 1822 imminutione,

83 1861 120 1918 et
132 1845 351 1918 diversione
371 1869 528 1942 operam
548 1843 639 1918 dare
660 1848 887 1933 omiserant,
914 1864 957 1920 ut
975 1864 1105 1947 tumor

83 1964 230 2038 lentius
249 1963 381 2035 saltem
400 1978 606 2050 cresceret,
631 1988 757 2061 neque
775 1965 958 2063 praecipiti
984 1968 1106 2040 incre·

86 2094 218 2154 mento
241 2082 418 2152 arteriam
444 2104 619 2180 asperam
652 2080 741 2154 colli
761 2080 954 2158 ,vertebris
978 2085 1104 2182 appri-

82 2214 213 2272 meret.
303 2223 306 2230 ’

134 2318 194 2392 38.
213 2322 404 2390 Jamvero
431 2315 479 2390 de
496 2316 730 2415 jugularium
752 2315 1022 2415 glandularum
1047 2334 1104 2392 tu·

84 2435 265 2510 moribus
284 2431 364 2534 (4),
387 2449 424 2507 et
448 2433 496 2507 de
515 2436 559 2506 iis
579 2459 662 2532 quae
688 2459 776 2507 vera
802 2436 841 2508 iu
867 2435 967 2538 collo
994 2451 1101 2524 sunt,

84 2553 416 2654 aneurysmatibus
431 2553 444 2640 (
449 2551 505 2650 5),
526 2577 615 2626 cum
634 2554 724 2626 alias
750 2553 797 2625 ad
811 2551 848 2626 'te
865 2555 1101 2652 scripserim,

89 2699 183 2774 age,
199 2672 247 2761 ad
263 2687 394 2772 pectus
413 2670 698 2744 descendamus.
723 2671 837 2763 Quod
854 2671 901 2744 ad
920 2697 1103 2746 mamma-

89 2817 177 2864 rum
195 2807 366 2864 tumores
393 2791 546 2880 attinet;
569 2789 640 2862 hos
661 2790 818 2888 quidem
837 2805 1008 2889 tempore
1024 2791 1102 2864 lac-

85 2913 133 2984 tis
151 2909 306 2982 abortos
327 2923 441 3006 negat
456 2907 649 2980 Fabricius
670 2923 800 2981 noster
828 2908 875 2980 ab
901 2913 1102 3006 Aquapen·

85 3029 201 3102 dente
214 3027 270 3126 (6)
288 3051 462 3125 unquam
480 3051 614 3100 senon
633 3009 782 3100 sanatos
799 3025 946 3097 vidisse.
966 3029 1098 3122 Longa

81 3162 236 3234 tamen,
255 3146 373 3233 varia,
389 3159 428 3216 et
452 3144 680 3243 permolesta
697 3142 799 3215 haud
829 3167 916 3214 raro
944 3142 1099 3240 pariunt

147 3491 176 3566 ι)
196 3491 233 3546 Ν.
257 3494 306 3556 40.

145 3589 176 3668 a)
198 3589 271 3648 obs.
291 3589 341 3648 cit.
356 3588 385 3644 6.

146 3685 174 3767 3)
196 3690 268 3747 Obs.
282 3709 318 3746 ex
330 3690 486 3766 Sepulchr.
503 3707 594 3766 supra
606 3687 657 3745 cit.
672 3707 708 3763 9,
725 3691 740 3757 ς
755 3705 780 3742 ι.

146 3789 176 3864 ι)

130 3488 142 3769 Ξ

129 3789 143 3867 (

132 3888 164 3966 (5
198 3889 292 3964 Epist.
311 3889 363 3962 26,
381 3910 412 3947 ιι.
432 3908 481 3946 ar.

131 3987 163 4070 (6
197 3991 243 4047 De
256 3990 387 4069 chirurg.
398 4001 514 4066 operat.
526 3989 580 4046 ubi
594 3989 632 4047 de
643 3989 716 4046 chir.
733 3987 848 4044 thorae.
893 3988 897 3994 “

166 3889 178 3966 )

165 3987 203 4161 )6.
914 4083 955 4156 18

197 3791 292 3864 Epist.
308 3807 360 3861 aa,
374 3809 404 3845 n.
419 3805 470 3865 19',
486 3799 516 3845 et
526 3789 622 3865 Epist.
641 3805 693 3863 29,
708 3805 740 3843 n.
754 3803 801 3842 ra.
