2784 5088
280 405 356 501 484
446 422 494 476 ne
514 427 668 476 emaus
691 429 736 474 er
762 425 886 476 causts
912 427 1120 476 uoaaonuu

282 571 354 636 ne,
371 558 408 616 et
431 541 600 639 subjecta
619 543 738 612 cranii
760 553 866 641 parte
893 542 1010 617 osseis
1020 544 1293 641 ‚prominentiis

280 651 399 752 acutis
415 684 565 759 aspera,
579 655 757 744 -eonserre
771 657 1038 757 quadantenus
1049 685 1139 733 cum
1157 685 1209 732 eo
1227 686 1294 761 po·

279 783 371 856 teris
386 780 454 877 qui
472 803 517 850 ex
534 775 699 874 Angliois
715 774 992 875 philosophicis
1014 773 1295 850 Transactioni·

281 901 351 989 bus
370 901 710 984 commemoratur,
729 897 770 966 in
797 894 946 968 laudata
966 893 1075 986 alias,
1107 921 1197 994 quae
1226 896 1294 969 sub

281 1016 327 1088 cl.
358 1014 489 1086 Kultni
510 1012 683 1111 praesidio
721 1009 868 1084 Gedani
896 1036 998 1084 auno
1030 1009 1121 1111 ¹73²
1150 1037 1296 1114 propo·

279 1135 349 1208 sita
380 1146 450 1220 est,
478 1129 739 1204 dissertatione
772 1128 848 1228 (1):
885 1144 1038 1204 externa
1071 1155 1164 1204 vero
1187 1157 1296 1208 causa

279 1263 467 1349 spectata,
484 1263 521 1320 et
541 1247 703 1322 tumoris
720 1245 838 1320 tardo
858 1261 945 1346 post
966 1248 1086 1320 iotum
1105 1249 1240 1338 initio,
1266 1265 1299 1323 et

280 1366 387 1442 nullo
410 1365 497 1454 diu,
512 1379 660 1462 ¹postea
683 1378 807 1438 autem
825 1363 1193 1462 acerbo,.quamvis
1222 1393 1298 1440 non

281 1483 487 1584 pontinum
507 1479 661 1569 dolore,
679 1495 717 1554 et
733 1482 853 1554 cranii
869 1483 990 1570 carie,
1012 1479 1203 1582 hiatuque
1222 1510 1298 1557 non
1340 1500 1342 1510 '

278 1599 452 1688 modico,
469 1599 590 1698 possis
603 1623 740 1697 magna
749 1625 794 1672 ex
802 1614 908 1699 parte
917 1623 1003 1670 cum
1013 1623 1059 1672 eo
1069 1623 1296 1701 comparare

280 1717 451 1818 quentin
469 1717 585 1790 altera
606 1717 764 1790 muliere
781 1717 829 1790 ab
836 1721 857 1792 J
859 1742 893 1790 o.
908 1717 1151 1794 Saltzmauno
1168 1720 1227 1819 (a)
1241 1720 1300 1794 ad·

279 1851 454 1910 notatum
473 1833 670 1908 habemus.

330 1957 389 2042 40.
413 1951 471 2024 Ad
500 1967 634 2051 eaput,
652 1952 827 2034 universe
851 1966 1071 2051 acceptum,
1096 1979 1186 2028 cum
1217 1958 1297 2029 vul-

279 2096 371 2144 nera
386 2070 449 2141 illa
464 2094 619 2168 quoque
637 2070 824 2142 attineant
843 2093 925 2168 quae
936 2067 1297 2172 facieiiufliguntur,

281 2189 421 2260 cursim
443 2186 519 2258 huc
543 2186 666 2284 aliqua
691 2186 898 2285 adjungere
918 2190 1042 2263 visum
1061 2205 1120 2264 est
1136 2191 1187 2262 de
1210 2217 1298 2265 ocu·

279 2305 429 2396 lorum,
454 2305 556 2391 nasi,
580 2304 800 2394 labrorum,
819 2305 953 2404 linguae
980 2306 1220 2384 vulneribus.
1249 2316 1297 2384 Ac

281 2424 329 2498 de
344 2426 388 2498 iis
402 2422 648 2520 quidemquae
658 2423 1043 2522 nontamooulorutn
1056 2443 1170 2516 suut,
1188 2451 1297 2528 quam
1382 2441 1383 2528 1

282 2540 510 2628 orbitarum,
533 2555 569 2610 et
588 2539 758 2622 cerebri,
781 2541 977 2638 superiore
999 2543 1166 2640 epistola
1183 2548 1298 2645 scrip·

281 2675 364 2752 tum
387 2672 452 2730 est.
478 2655 626 2748 Quibus
643 2672 680 2728 et
697 2657 759 2727 itta
779 2657 1028 2758 adjiciesque
1050 2676 1135 2734 toto
1165 2664 1296 2736 orbita
1382 2685 1383 2706 ¹

283 2800 376 2848 cavo
404 2781 577 2864 emenso,
597 2799 667 2872 per
692 2773 808 2871 hujus
830 2773 1034 2867 foramina,
1064 2778 1298 2881 ultimosque

281 2894 444 2995 parietes
465 2890 514 2964 ad
542 2891 742 2964 cerebrum
762 2894 801 2962 in
825 2891 1048 2970 hominibus
1064 2897 1296 2996 aliquando,

284 3035 434 3110 semper
447 3025 584 3086 *autem
603 3009 644 3080 in
672 3009 719 3082 iis
737 3009 871 3084 ovibus
892 3031 1171 3110 pervenerunt,
1206 3039 1295 3115 quas

283 3134 410 3204 Romae
434 3121 631 3226 Wepferus
647 3125 705 3224 (3)
731 3145 886 3205 cunctas
906 3129 1002 3202 vidit
1028 3133 1135 3204 omni
1160 3157 1296 3224 sensu,

283 3261 468 3344 motuque
489 3247 651 3344 privatas
668 3249 791 3319 statim
810 3272 852 3319 ac
869 3247 973 3320 lanio
985 3250 1151 3322 cultrum
1170 3252 1217 3324 ad
1229 3278 1296 3326 ma·

254 3393 267 3404 „
285 3362 465 3450 nubrium
483 3387 604 3460 usque
621 3365 660 3434 in
669 3365 893 3444 alterutrum
905 3368 1061 3440 oculum
1072 3368 1293 3442 immiserat:

285 3478 392 3578 quod
417 3484 587 3565 nonnisi
617 3481 849 3554 corott'dibus
869 3485 989 3580 juxto
1018 3484 1295 3577 infundibulum

324 3759 368 3839 (1)
391 3764 435 3818 De
448 3773 541 3819 exost.
557 3773 643 3820 steat.
659 3765 762 3820 elavie.
779 3783 804 3821 e.
821 3783 856 3830 a,
875 3771 954 3837 §aa
1073 3777 1077 3784 ’

289 3907 292 3912 .
324 3859 369 3937 (a)
390 3864 457 3918 Act.
472 3863 510 3921 N·
522 3865 554 3920 C.
569 3873 642 3920 tom.
657 3882 690 3935 2,
706 3863 772 3920 ohs.
788 3883 855 3923 roo.

326 3956 369 4039 (3)
390 3961 495 4020 Exere.
509 3961 546 4027 de
558 3963 616 4022 loo·
628 3963 680 4034 aff.
695 3964 726 4020 in
737 3966 837 4042 apppk
