2872 4660
289 445 335 527 Aa
454 464 501 512 on
527 463 673 512 snnrnns
697 465 742 512 nr
767 463 891 513 crosis
917 465 1126 514 uonnonnu
1188 452 1190 460 ’

289 576 439 654 sissimo
459 576 538 651 dies
555 577 700 676 aliquot
715 579 831 650 tristis
849 579 944 667 visa,
963 595 1121 678 repente
1141 584 1298 654 convul-

290 695 379 766 sivis
397 693 564 769 motibus
581 711 772 794 correpta,
787 697 869 768 sine
886 697 967 768 ullo
989 697 1131 794 ejulatu
1149 715 1299 774 mortua

290 827 355 888 est.
377 819 515 902 Herus,
532 815 589 884 vir
606 813 759 899 doctos,
787 816 941 912 meique
953 817 1097 888 amicus
1112 818 1299 915 postridie

174 925 177 932 ’
292 929 415 1007 adme
431 932 551 1020 venit,
565 932 770 1029 petiitque,
796 946 840 1004 ut
864 933 897 1004 si
920 933 1167 1006 commodum
1186 951 1301 1026 esset,

290 1072 441 1122 causam
459 1051 591 1123 mortis
604 1073 830 1147 quaererem:
850 1051 954 1148 quod
965 1053 1050 1152 ipso
1062 1051 1130 1150 qui
1143 1051 1303 1126 cadaver

292 1164 418 1246 afferri
436 1169 562 1263 jussit„
573 1167 728 1266 aliisque
740 1169 782 1242 in
797 1193 838 1240 ra
855 1171 1067 1244 anatomica
1091 1172 1302 1244 exercitatis

293 1285 568 1383 spectantibus,
582 1290 764 1362 continuo
784 1283 946 1386 praestiti.
961 1287 1116 1361 Cerebri
1131 1289 1303 1362 laterales

292 1404 511 1492 ventriculi,
528 1420 567 1476 et
597 1407 803 1504 praesertim
823 1407 996 1493 sinister,
1022 1429 1197 1503 magnam
1226 1408 1303 1476 vim

266 1561 269 1568 =
291 1542 398 1617 aquae
417 1523 682 1617 continebant,
709 1547 822 1622 quam
847 1549 926 1596 non
940 1520 1011 1596 diu
1028 1539 1116 1596 ante
1140 1537 1303 1596 mortem

290 1636 380 1714 illuc
395 1637 551 1715 effusam
577 1643 699 1716 rubor
715 1642 942 1716 choroidum
966 1642 1145 1740 plexuum
1163 1639 1306 1712 indica·

291 1753 367 1831 bat.
392 1759 525 1834 Cordis
547 1786 666 1836 caveae
694 1761 814 1859 pleno
843 1761 1037 1859 sanguinis
1070 1757 1188 1832 ferme
1213 1783 1305 1832 con·

293 1877 406 1965 creti,
433 1879 638 1976 nigerrimi.
665 1881 818 1952 Ventris
844 1879 1083 1978 potissimum
1112 1877 1305 1950 membra·
1426 1905 1427 1930 i

292 2002 367 2082 nae‘3
387 2021 474 2068 nam
492 1997 582 2072 alibi
594 2007 750 2096 quoque
773 1999 933 2096 pingues
959 1994 1128 2085 fuerant,
1156 2017 1199 2067 ea
1217 1996 1305 2093 pin·

294 2113 469 2212 guedinis
483 2118 611 2214 eopia,
625 2117 728 2190 circa
746 2132 897 2188 uterum
911 2117 1138 2214 praesertim,
1159 2111 1304 2186 referte

295 2249 742 2310 ernntuttenuemtotum
751 2236 948 2332 utriusque
959 2233 1228 2306 tubaetractnm
1240 2231 1305 2304 de·

293 2366 507 2426 monstrare
526 2355 587 2426 vin
605 2356 805 2451 potuerim.
822 2357 967 2440 Testes,
993 2353 1062 2425 etsi
1080 2375 1201 2450 prope
1212 2351 1305 2422 alte·

293 2486 531 2544 mineorum
561 2471 892 2569 conspiciebantur
919 2468 1136 2568 hydatides,
1159 2468 1305 2540 nullam

293 2609 341 2656 ex
366 2587 412 2658 iis
427 2611 527 2684 quan
552 2588 761 2662 secundum
788 2604 961 2661 naturam
994 2588 1223 2685 plerumque
1245 2611 1306 2658 so·

292 2701 388 2791 lent,
407 2705 609 2781 vesiculam
628 2707 867 2780 habuerunt:
887 2731 960 2778 nee
976 2709 1134 2793 mirum,
1149 2704 1305 2802 quando

294 2823 364 2892 toti
391 2827 497 2920 quasi
517 2825 644 2898 carnei
658 2825 886 2898 videbantur
910 2849 955 2896 ex
979 2821 1182 2895 contractis
1201 2822 1307 2894 vide·

228 2933 235 2953 “
295 2939 382 3016 licet
396 2943 622 3042 corporibus
639 2969 721 3042 quae
741 2945 841 3016 lutea
848 2945 887 3016 in
904 2940 1305 3016 vaceisetmulieribus

297 3060 541 3158 appellamus.
571 3065 641 3136 Per
671 3063 813 3160 vaginae
840 3060 1064 3132 interiorem
1088 3055 1219 3132 faciem
1241 3056 1305 3130 hie

297 3176 649 3276 illicprominebant
663 3177 909 3252 subrotundae
927 3176 1115 3276 glandula
1125 3174 1305 3274 innqtmi

297 3296 580 3394 magnitudine,
600 3296 791 3369 skirrhosa
806 3296 957 3368 duritie.
971 3293 1065 3366 Inde
1085 3293 1132 3364 ad
1150 3308 1323 3366 uterum·

292 3436 533 3511 progressus,
546 3416 696 3486 initium
714 3415 855 3486 sinistri
871 3412 988 3509 hujus
1006 3437 1127 3484 cornu
1145 3411 1305 3483 omnino

293 3529 519 3628 impervium
549 3530 703 3606 offendi.
732 3537 849 3603 Erant
869 3547 995 3602 tamen
1023 3555 1166 3602 cornua
1190 3527 1306 3600 ambo

293 3648 443 3722 incessu
467 3665 662 3741 tortuoso,
681 3667 719 3724 et
741 3649 804 3722 hic
836 3647 913 3724 illic
941 3649 1076 3746 magis,
1101 3647 1306 3744 minusque

292 3767 599 3865 protuberantia,
620 3770 791 3866 quamvis
803 3792 882 3842 non
897 3770 948 3840 ita
964 3765 1211 3838 indistinctas
1232 3763 1305 3838 cel·

292 3882 559 3983 lulasusquam
576 3885 794 3974 dilatata,ut
812 3885 853 3959 in
867 3881 1150 3983 praegnantibus
1160 3883 1240 3979 jam
1256 3879 1306 3954 ab

295 4001 422 4105 aliquo
459 4017 632 4102 tempore
667 4003 824 4077 canibus
864 4001 1010 4114 ridere.
1028 4001 1305 4077 consuevimus.

1302 4115 1309 4150 l
