2828 4652
299 391 368 466 130
456 411 503 460 un
528 406 675 458 sumnus
699 407 744 456 ar
769 405 893 456 causis
918 405 1131 458 uoaaoauu

294 528 407 604 etiam
428 526 468 596 in
486 524 569 621 ipso
592 520 674 604 nasi
692 517 869 618 globulo,
895 517 935 593 in
958 519 1123 608 cervice,
1147 520 1189 592 in
1214 519 1302 594 dex.

294 660 375 718 tera
386 697 398 732 ,
409 643 448 716 iu
463 639 601 728 labris,
619 637 659 712 in
679 637 816 735 capite,
834 637 875 714 iu
891 635 1048 726 lumbis,
1066 637 1107 712 in
1125 637 1301 728 artubus,

249 799 253 810 ·
293 764 334 836 iu
348 758 573 862 posteriore,
585 770 623 830 et
636 755 825 832 anteriore
843 755 1017 852 corporis
1032 753 1127 830 facie
1145 756 1200 830 sic
1214 757 1302 830 exti-

293 878 428 968 terint,
446 890 489 950 ut
505 895 707 972 praegressa
724 870 943 969 requirebat
956 872 1187 970 imaginatio.
1206 877 1303 948 Casu

292 993 372 1068 haec
386 990 481 1066 facta
495 988 649 1085 fortasse
659 989 772 1062 dices.
789 993 851 1062 Me
869 1014 960 1064 vero
970 987 1157 1068 faciletihi
1174 1013 1303 1066 asseu-

293 1112 450 1188 tientem
467 1105 625 1180 habebis
648 1104 715 1178 ubi
733 1120 841 1180 certa
859 1105 1079 1204 imaginatio
1098 1131 1179 1182 non
1209 1133 1304 1206 prae-

296 1227 470 1312 cesserit,
483 1249 609 1324 neque
621 1223 711 1298 huic
720 1238 846 1298 exacte
857 1223 953 1298 adeo
963 1239 1001 1300 et
1015 1222 1152 1314 forma,
1168 1241 1207 1298 et
1221 1251 1306 1300 con·

296 1342 504 1426 ditionibus
523 1343 684 1432 caeteris,
702 1356 740 1414 et
763 1341 850 1416 loco
870 1366 931 1416 res
953 1343 1035 1441 ipsa
1054 1343 1304 1442 responderit.

297 1463 371 1540 Sed
399 1462 466 1538 ubi
491 1477 528 1536 et
553 1461 616 1534 illa
647 1462 895 1560 processerit,
916 1474 954 1534 et
981 1461 1220 1548 millinio,
1251 1463 1308 1536 uti

297 1581 479 1670 diximus,
497 1576 750 1678 respondeat3
775 1603 825 1652 ne
850 1593 894 1650 tu
922 1577 1097 1678 quidem,
1117 1580 1149 1652 si
1177 1580 1307 1654 omnia

298 1689 499 1798 diligenter
514 1695 778 1796 perpenderis,
798 1697 840 1768 in
852 1719 960 1772 casus
970 1697 1212 1772 accusatione
1224 1721 1308 1770 om·

296 1819 391 1892 nino
401 1817 543 1916 poteris
557 1815 1035 1912 acquiescere,praesertim
1046 1815 1079 1888 si
1089 1814 1311 1914 exemplum

299 1962 379 2014 non
399 1959 539 2024 unum,
561 1931 628 2006 sed
642 1931 859 2030 complura,
876 1947 921 2007 ut
939 1946 1046 2022 sunt,
1063 1934 1309 2030 spectaveris3
1403 1921 1405 2014 l

298 2079 425 2152 neque
444 2051 546 2126 enim
565 2074 692 2138 casum
711 2047 818 2124 facile
838 2048 970 2122 credes
995 2051 1036 2122 in
1057 2050 1103 2124 iis
1129 2051 1309 2124 omnibus
1404 2106 1405 2119 ,

299 2186 396 2259 tam,
426 2183 469 2248 ut
503 2169 554 2240 ita
585 2167 729 2256 dicam,
763 2167 1024 2266 ingeniosum,
1057 2181 1310 2266 exactumque
1403 2170 1405 2265 l

300 2291 529 2362 imitatorem
552 2309 631 2360 esse
653 2286 829 2383 potuisse.
853 2284 953 2377 Quid
980 2309 1071 2383 ergo
1093 2286 1174 2362 est?
1196 2285 1311 2377 Quod

301 2407 350 2480 ad
368 2429 429 2476 me
448 2405 600 2492 attinet,
625 2405 665 2474 in
689 2403 838 2492 multis,
856 2418 893 2476 et
924 2403 955 2476 si
975 2403 1089 2493 velis,
1112 2405 1153 2476 in
1177 2429 1312 2502 quam-

302 2522 477 2625 plurimis
499 2543 625 2592 casum
650 2544 900 2610 accusaver03
933 2535 973 2593 at
1000 2521 1041 2594 in
1079 2521 1313 2619 quibusdam

218 2705 223 2712 .
304 2639 408 2716 aliud
426 2635 581 2736 aliquod
595 2639 720 2736 potius
734 2637 838 2742 quod
854 2663 916 2712 me
939 2636 1059 2716 fateor
1073 2665 1152 2712 non
1173 2640 1314 2712 intelli·
1401 2663 1402 2739 l

305 2783 404 2859 gere.
423 2759 535 2829 Nunc
554 2771 597 2828 ut
610 2755 656 2826 ad
670 2752 801 2868 foetum
812 2755 964 2834 redeam
982 2782 1097 2855 quem
1108 2757 1314 2830 novissime
1400 2791 1401 2876 t

306 2875 506 2973 descripsi3
528 2887 689 2946 mortem
710 2873 766 2944 illi
787 2873 912 2946 attulit
940 2889 1006 2950 aut
1035 2874 1217 3006 impedita
1243 2899 1314 2973 per

306 2990 542 3066 funiculum
533 3015 658 3088 ipsum
671 2989 925 3066 umbilicalem
935 2992 1220 3090 ,quippecruri
1233 3015 1314 3064 arc·

308 3113 382 3186 tius
389 3109 631 3198 adstrictum,
646 3109 838 3208 sanguinis
851 3109 1080 3198 circumitio,
1094 3124 1159 3182 aut
1169 3110 1317 3208 aliqua,
1397 3051 1399 3148 l

308 3231 537 3304 exteriorum
562 3225 710 3314 similis,
734 3228 894 3324 pessima
916 3227 1142 3300 interiorum
1161 3225 1315 3300 confor—
1396 3163 1398 3290 l

307 3349 447 3430 matio,
477 3369 559 3441 quaa
576 3358 613 3415 et
632 3343 845 3431 crescendi,
868 3359 905 3416 et
920 3345 1086 3442 agitandi
1104 3369 1144 3420 se
1161 3343 1316 3418 faculta-

214 3523 220 3538 ,
306 3481 385 3548 tem
405 3461 512 3534 facile
533 3460 696 3534 abstulit.
723 3464 994 3542 Intestinorum
1019 3477 1144 3538 autem
1165 3461 1319 3551 effusio,

308 3583 417 3678 cujus
435 3581 546 3678 culpa
562 3605 839 3677 nonnunquam
858 3582 898 3652 in
913 3579 1318 3679 rudes,violentaaque

308 3699 576 3786 obstetricum,
595 3695 756 3770 infantes
769 3697 1030 3788 educentium,
1048 3700 1318 3770 contrectatio-

311 3843 397 3906 nes,
424 3816 712 3915 pressionesque
741 3816 912 3910 conjecta
935 3829 1011 3904 est,
1041 3815 1104 3891 hic
1131 3831 1233 3888 certe
1250 3816 1318 3888 ubi

309 3935 407 4010 nihil
422 3935 558 4004 harum
587 3955 667 4006 esse
683 3947 878 4031 potuerat,
899 3934 971 4032 ipsi
982 3929 1094 4008 foetus
1117 3932 1317 4008 abdomini
