2816 5282
318 412 389 501 540
456 437 529 482 ,ua
555 433 702 483 sarnus
727 433 771 481 rr
797 433 922 482 causis
946 431 1160 483 noaronon

249 567 254 578 ·
320 563 419 637 erat,
433 564 470 621 et
482 548 704 620 revolutum
717 563 761 619 ut
775 547 1029 619 ventriculum
1050 550 1306 647 operiret‚con·

326 669 435 738 tinuo
461 665 508 737 ad
534 665 704 736 vulneris
737 689 893 737 examen
926 667 1177 763 perreximus.
1206 667 1307 738 Culter

320 807 468 854 nonam·
487 784 586 854 inter
605 798 642 854 et
659 782 845 854 decimam
867 798 1009 854 costam
1026 785 1152 855 imum
1177 783 1307 854 dextera

321 902 487 974 thoracis
497 925 615 972 caveae
627 901 725 972 latus
743 885 929 972 subierat:
951 925 1040 972 mox
1056 903 1230 999 pertusa,
1248 927 1307 974 cos·

323 1020 373 1091 tis
387 1019 460 1108 illis
475 1019 617 1104 vicina,
640 1017 933 1116 diaphragmatis
950 1034 1056 1115 parte
1082 1043 1234 1105 carnea,
1248 1043 1309 1117 pro

324 1139 467 1208 ximum
489 1137 669 1232 jecinoris
694 1138 817 1234 ipsum
832 1136 929 1208 latus
941 1135 1201 1226 transfixerat,
1215 1140 1308 1233 ingre·

324 1256 432 1328 diens
450 1280 516 1352 per
537 1253 669 1326 faciem
688 1277 894 1324 convexam
915 1253 1044 1351 aliquo
1056 1255 1109 1326 ab
1127 1253 1247 1326 infima
1257 1279 1308 1326 cre·

325 1373 454 1472 pidine
493 1373 711 1460 intervallo,
739 1370 872 1444 fissura
909 1371 1006 1443 duos
1043 1375 1198 1446 circiter
1219 1389 1309 1443 trans·

328 1515 456 1562 versos
483 1490 619 1588 digitos
643 1489 779 1588 longa,
805 1489 917 1588 paulo
940 1507 1064 1562 autem
1097 1491 1308 1587 minori‚per

328 1631 456 1680 cavam
474 1605 606 1680 faciem
629 1608 846 1706 egrediens,
862 1623 904 1678 ut
925 1623 1003 1679 tota
1019 1609 1140 1680 cultri
1158 1611 1307 1707 perjecur

327 1725 386 1794 via
422 1749 501 1796 non
548 1725 698 1824 longior
737 1740 833 1798 esset
874 1724 1025 1796 duobus
1068 1723 1189 1798 ferme
1220 1741 1306 1796 trans·

326 1845 442 1916 versis
452 1844 587 1943 digitis.
602 1843 809 1942 Egrediens
827 1859 951 1915 autem
972 1843 1307 1916 transverberaverat

326 1985 457 2034 renem
483 1961 680 2034 dexterum
705 1961 831 2060 aliquo
858 1961 905 2032 ab
932 1985 1080 2033 summa
1103 1978 1207 2061 parte
1227 1963 1307 2030 inter.

326 2081 450 2168 valln,
478 2104 499 2150 a
530 2078 622 2152 facie
657 2081 846 2152 anteriore
880 2079 927 2150 ad
959 2081 1208 2177 posteriorem
1237 2095 1305 2148 tran·

323 2197 473 2273 seundo
486 2197 641 2294 oblique
660 2199 821 2295 pariter,
839 2211 881 2268 ut
895 2198 935 2267 in
952 2199 1150 2294 jecinore,
1171 2197 1261 2296 quasi
1272 2193 1304 2263 di·
1356 2289 1357 2300 ἵ

327 2316 596 2388 midiominori
622 2339 736 2412 quam
759 2316 798 2385 in
818 2314 910 2403 hoc,
930 2313 1072 2387 fissurae
1091 2314 1304 2414 longitudine.
1356 2309 1357 2318 ’

330 2436 504 2530 Denique
527 2434 664 2504 iterum
682 2431 927 2532 diaphragma
947 2451 1183 2531 pervaserat,
1209 2448 1241 2504 et
1259 2453 1304 2528 per

320 2532 447 2648 'hujus
475 2561 626 2622 carnem
659 2571 742 2647 quae
769 2565 825 2620 est
840 2573 1133 2648 ponerenem,
1170 2550 1302 2622 infimam

333 2691 490 2766 prorsus
514 2667 680 2738 thoracis
695 2691 829 2738 cavum
844 2667 1004 2758 adierat,
1023 2685 1060 2740 et
1075 2686 1259 2769 postquam
1273 2661 1303 2733 ad

333 2785 427 2858 latus
444 2783 676 2855 duodecimae
692 2784 795 2857 dorsi
808 2785 989 2857 vertebrae
1002 2787 1241 2860 intercostalis
1251 2805 1303 2852 uer·

332 2904 369 2974 vi
389 2918 590 2989 truncum,
609 2916 646 2972 et
659 2925 762 2972 venae
783 2903 862 2974 sine
884 2905 966 3001 pari
985 2904 1188 3001 quamdam
1207 2923 1304 3002 propa-

333 3023 458 3121 ginem
475 3021 635 3105 laeserat,
661 3019 815 3092 subiens
837 3020 1028 3095 musculos
1053 3027 1237 3121 proximos
1258 3013 1302 3112 qui

333 3140 380 3210 ad
408 3139 522 3236 spinae
541 3137 637 3210 latus
666 3135 862 3223 feruntur,
900 3164 1041 3237 cosque
1064 3144 1113 3215 ad
1141 3130 1300 3214 transversi

334 3256 481 3354 pollicis
500 3253 816 3353 profunditatem,
832 3271 919 3354 post
934 3272 991 3330 tot
1011 3260 1101 3334 alias
1124 3274 1235 3358 partes
1248 3271 1300 3321 uuo

336 3376 414 3443 ictu
438 3373 627 3466 trajectas,
650 3373 877 3446 novissimos
902 3377 1072 3447 omnium
1101 3373 1300 3449 convulnera-

335 3505 449 3562 verat.
465 3494 594 3586 ltaque
617 3491 686 3561 etsi
703 3515 828 3588 neque
846 3493 886 3562 in
902 3494 1083 3567 musculis
1104 3481 1299 3566 intercostali

337 3610 426 3697 bus,
439 3631 564 3706 neque
582 3609 621 3678 in
644 3607 944 3708 diaphragmate‚
961 3637 1086 3710 neque
1109 3609 1299 3709 injecinore,

338 3752 463 3825 neque
477 3728 523 3799 in
539 3749 650 3813 reue,
670 3751 796 3824 neque
812 3729 852 3797 in
877 3730 991 3827 spinae
1010 3729 1142 3820 latere,
1161 3745 1261 3820 neque
1272 3718 1296 3784 ir

305 3893 309 3898 -
328 3845 383 3915 ‘iis
394 3868 490 3941 quos
503 3844 891 3942 postremoindicavi,
907 3848 1104 3937 musculis,
1119 3827 1296 3936 vasaliquod

340 3962 460 4058 majus
480 3961 723 4051 sauciaverat3
745 3977 801 4034 tot
821 3978 1012 4046 tamenex
1030 3963 1226 4038 minoribus
1241 3947 1297 4024 inci·
