<?xml version="1.0" encoding="UTF-8"?>
<!DOCTYPE html PUBLIC "-//W3C//DTD XHTML 1.0 Transitional//EN"
    "http://www.w3.org/TR/xhtml1/DTD/xhtml1-transitional.dtd">
<html xmlns="http://www.w3.org/1999/xhtml" xml:lang="en" lang="en">
 <head>
  <title>
</title>
<meta http-equiv="Content-Type" content="text/html;charset=utf-8" />
  <meta name='ocr-system' content='tesseract 3.04.00' />
  <meta name='ocr-capabilities' content='ocr_page ocr_carea ocr_par ocr_line ocrx_word'/>
</head>
<body>
  <div class='ocr_page' id='page_1' title='image "./desedibusetcaus03adelgoog_0320.png"; bbox 0 0 2854 4660; ppageno 0'>
   <div class='ocr_carea' id='block_1_1' title="bbox 320 447 1165 538">
    <p class='ocr_par' dir='ltr' id='par_1_1' title="bbox 320 447 1165 538">
     <span class='ocr_line' id='line_1_1' title="bbox 320 447 1165 538; baseline -0.006 -13"><span class='ocrx_word' id='word_1_1' title='bbox 320 447 393 538; x_wconf 68' lang='lat'><strong>314</strong></span> <span class='ocrx_word' id='word_1_2' title='bbox 483 471 531 520; x_wconf 78' lang='lat' dir='ltr'><strong>en</strong></span> <span class='ocrx_word' id='word_1_3' title='bbox 556 470 704 521; x_wconf 64' lang='lat' dir='ltr'><strong>antuus</strong></span> <span class='ocrx_word' id='word_1_4' title='bbox 720 473 775 518; x_wconf 77' lang='lat' dir='ltr'><strong>nr</strong></span> <span class='ocrx_word' id='word_1_5' title='bbox 798 471 924 520; x_wconf 79' lang='lat' dir='ltr'><strong>causis</strong></span> <span class='ocrx_word' id='word_1_6' title='bbox 951 471 1165 522; x_wconf 73' lang='lat' dir='ltr'><strong>armannum</strong></span> 
     </span>
    </p>
   </div>
   <div class='ocr_carea' id='block_1_2' title="bbox 314 581 1332 1391">
    <p class='ocr_par' dir='ltr' id='par_1_2' title="bbox 319 581 1330 804">
     <span class='ocr_line' id='line_1_2' title="bbox 320 581 1330 671; baseline 0.003 -13"><span class='ocrx_word' id='word_1_7' title='bbox 320 586 416 659; x_wconf 81' lang='lat' dir='ltr'><strong>adeo</strong></span> <span class='ocrx_word' id='word_1_8' title='bbox 436 599 597 671; x_wconf 85' lang='lat' dir='ltr'><strong>mutata,</strong></span> <span class='ocrx_word' id='word_1_9' title='bbox 617 599 658 656; x_wconf 91' lang='lat' dir='ltr'><strong>ut</strong></span> <span class='ocrx_word' id='word_1_10' title='bbox 681 587 756 656; x_wconf 87' lang='lat' dir='ltr'><strong>ima</strong></span> <span class='ocrx_word' id='word_1_11' title='bbox 786 584 926 656; x_wconf 86' lang='lat' dir='ltr'><strong>horum</strong></span> <span class='ocrx_word' id='word_1_12' title='bbox 953 581 1065 658; x_wconf 80' lang='lat' dir='ltr'><strong>facies</strong></span> <span class='ocrx_word' id='word_1_13' title='bbox 1091 611 1136 658; x_wconf 85' lang='lat' dir='ltr'><strong>ex</strong></span> <span class='ocrx_word' id='word_1_14' title='bbox 1164 607 1330 661; x_wconf 66' lang='lat' dir='ltr'><strong>convexa</strong></span> 
     </span>
     <span class='ocr_line' id='line_1_3' title="bbox 319 703 1107 804; baseline -0.005 -26"><span class='ocrx_word' id='word_1_15' title='bbox 319 703 530 778; x_wconf 81' lang='lat' dir='ltr'><strong>facta&#39;esset</strong></span> <span class='ocrx_word' id='word_1_16' title='bbox 547 703 675 804; x_wconf 84' lang='lat' dir='ltr'><strong>plana,</strong></span> <span class='ocrx_word' id='word_1_17' title='bbox 695 703 773 773; x_wconf 90' lang='lat' dir='ltr'><strong>imo</strong></span> <span class='ocrx_word' id='word_1_18' title='bbox 793 703 905 774; x_wconf 88' lang='lat' dir='ltr'><strong>etiam</strong></span> <span class='ocrx_word' id='word_1_19' title='bbox 923 718 1107 776; x_wconf 77' lang='lat' dir='ltr'><strong>excavata.</strong></span> 
     </span>
    </p>

    <p class='ocr_par' dir='ltr' id='par_1_3' title="bbox 314 819 1332 1391">
     <span class='ocr_line' id='line_1_4' title="bbox 369 819 1332 918; baseline 0 -22"><span class='ocrx_word' id='word_1_20' title='bbox 369 820 426 896; x_wconf 77' lang='lat'><strong>58.</strong></span> <span class='ocrx_word' id='word_1_21' title='bbox 443 826 495 894; x_wconf 86' lang='lat' dir='ltr'><strong>Ex</strong></span> <span class='ocrx_word' id='word_1_22' title='bbox 511 819 571 892; x_wconf 89' lang='lat' dir='ltr'><strong>his</strong></span> <span class='ocrx_word' id='word_1_23' title='bbox 587 820 658 892; x_wconf 81' lang='lat' dir='ltr'><strong>alia</strong></span> <span class='ocrx_word' id='word_1_24' title='bbox 684 821 838 918; x_wconf 82' lang='lat' dir='ltr'><strong>colliges</strong></span> <span class='ocrx_word' id='word_1_25' title='bbox 861 824 1092 896; x_wconf 81' lang='lat' dir='ltr'><strong>exustosium</strong></span> <span class='ocrx_word' id='word_1_26' title='bbox 1112 819 1332 896; x_wconf 78' lang='lat' dir='ltr'><strong>discrimina</strong></span> 
     </span>
     <span class='ocr_line' id='line_1_5' title="bbox 315 937 1332 1038; baseline 0 -24"><span class='ocrx_word' id='word_1_27' title='bbox 315 941 357 1014; x_wconf 85' lang='lat' dir='ltr'><strong>in</strong></span> <span class='ocrx_word' id='word_1_28' title='bbox 376 937 514 1038; x_wconf 81' lang='lat' dir='ltr'><strong>figura,</strong></span> <span class='ocrx_word' id='word_1_29' title='bbox 533 963 613 1010; x_wconf 89' lang='lat' dir='ltr'><strong>non</strong></span> <span class='ocrx_word' id='word_1_30' title='bbox 632 938 748 1010; x_wconf 91' lang='lat' dir='ltr'><strong>modo</strong></span> <span class='ocrx_word' id='word_1_31' title='bbox 773 940 812 1008; x_wconf 94' lang='lat' dir='ltr'><strong>in</strong></span> <span class='ocrx_word' id='word_1_32' title='bbox 833 937 941 1026; x_wconf 88' lang='lat' dir='ltr'><strong>sede,</strong></span> <span class='ocrx_word' id='word_1_33' title='bbox 963 963 1077 1038; x_wconf 84' lang='lat' dir='ltr'><strong>quam</strong></span> <span class='ocrx_word' id='word_1_34' title='bbox 1096 955 1134 1012; x_wconf 89' lang='lat' dir='ltr'><strong>et</strong></span> <span class='ocrx_word' id='word_1_35' title='bbox 1155 939 1277 1028; x_wconf 88' lang='lat' dir='ltr'><strong>olim,</strong></span> <span class='ocrx_word' id='word_1_36' title='bbox 1298 955 1332 1014; x_wconf 85' lang='lat' dir='ltr'><strong>et</strong></span> 
     </span>
     <span class='ocr_line' id='line_1_6' title="bbox 316 1055 1327 1156; baseline 0 -24"><span class='ocrx_word' id='word_1_37' title='bbox 316 1059 458 1132; x_wconf 87' lang='lat' dir='ltr'><strong>nostris</strong></span> <span class='ocrx_word' id='word_1_38' title='bbox 477 1056 715 1156; x_wconf 85' lang='lat' dir='ltr'><strong>temporibus</strong></span> <span class='ocrx_word' id='word_1_39' title='bbox 731 1055 791 1128; x_wconf 86' lang='lat' dir='ltr'><strong>vei</strong></span> <span class='ocrx_word' id='word_1_40' title='bbox 809 1057 849 1128; x_wconf 90' lang='lat' dir='ltr'><strong>in</strong></span> <span class='ocrx_word' id='word_1_41' title='bbox 867 1060 1044 1131; x_wconf 79' lang='lat' dir='ltr'>extremis</span> <span class='ocrx_word' id='word_1_42' title='bbox 1066 1057 1327 1154; x_wconf 86' lang='lat' dir='ltr'><strong>oblongorum</strong></span> 
     </span>
     <span class='ocr_line' id='line_1_7' title="bbox 316 1171 1330 1262; baseline -0.001 -13"><span class='ocrx_word' id='word_1_43' title='bbox 316 1176 457 1249; x_wconf 88' lang='lat' dir='ltr'><strong>ossium</strong></span> <span class='ocrx_word' id='word_1_44' title='bbox 474 1173 771 1246; x_wconf 84' lang='lat' dir='ltr'><strong>animadversam</strong></span> <span class='ocrx_word' id='word_1_45' title='bbox 797 1173 922 1262; x_wconf 83' lang='lat' dir='ltr'><strong>vides,</strong></span> <span class='ocrx_word' id='word_1_46' title='bbox 954 1177 1103 1248; x_wconf 82' lang='lat' dir='ltr'><strong>tametsi</strong></span> <span class='ocrx_word' id='word_1_47' title='bbox 1130 1177 1172 1246; x_wconf 91' lang='lat' dir='ltr'><strong>in</strong></span> <span class='ocrx_word' id='word_1_48' title='bbox 1193 1171 1330 1248; x_wconf 83' lang='lat' dir='ltr'><strong>eorum</strong></span> 
     </span>
     <span class='ocr_line' id='line_1_8' title="bbox 314 1291 1331 1391; baseline 0 -26"><span class='ocrx_word' id='word_1_49' title='bbox 314 1309 453 1366; x_wconf 72' lang='lat' dir='ltr'><strong>murico</strong></span> <span class='ocrx_word' id='word_1_50' title='bbox 470 1315 584 1391; x_wconf 89' lang='lat' dir='ltr'><strong>quem</strong></span> <span class='ocrx_word' id='word_1_51' title='bbox 602 1292 794 1391; x_wconf 82' lang='lat' dir='ltr'><strong>appeliant</strong></span> <span class='ocrx_word' id='word_1_52' title='bbox 811 1291 1044 1390; x_wconf 83' lang='lat' dir='ltr'><strong>diaphysim‚</strong></span> <span class='ocrx_word' id='word_1_53' title='bbox 1061 1295 1198 1391; x_wconf 79' lang='lat' dir='ltr'><strong>saepius</strong></span> <span class='ocrx_word' id='word_1_54' title='bbox 1210 1291 1331 1391; x_wconf 87' lang='lat' dir='ltr'><strong>(quod</strong></span> 
     </span>
    </p>
   </div>
   <div class='ocr_carea' id='block_1_3' title="bbox 316 1401 1421 1628">
    <p class='ocr_par' dir='ltr' id='par_1_4' title="bbox 316 1401 1421 1628">
     <span class='ocr_line' id='line_1_9' title="bbox 316 1401 1421 1512; baseline -0.003 -27"><span class='ocrx_word' id='word_1_55' title='bbox 316 1412 535 1512; x_wconf 79' lang='lat' dir='ltr'><strong>negandum</strong></span> <span class='ocrx_word' id='word_1_56' title='bbox 550 1409 710 1490; x_wconf 84' lang='lat' dir='ltr'><strong>nonest)</strong></span> <span class='ocrx_word' id='word_1_57' title='bbox 726 1410 874 1482; x_wconf 86' lang='lat' dir='ltr'><strong>dicatur</strong></span> <span class='ocrx_word' id='word_1_58' title='bbox 889 1433 1101 1486; x_wconf 86' lang='lat' dir='ltr'><strong>occurrere.</strong></span> <span class='ocrx_word' id='word_1_59' title='bbox 1118 1410 1194 1482; x_wconf 86' lang='lat' dir='ltr'><strong>Sed</strong></span> <span class='ocrx_word' id='word_1_60' title='bbox 1208 1426 1250 1484; x_wconf 86' lang='lat' dir='ltr'><strong>et</strong></span> <span class='ocrx_word' id='word_1_61' title='bbox 1267 1411 1331 1484; x_wconf 74' lang='lat' dir='ltr'><strong>atis</strong></span> <span class='ocrx_word' id='word_1_62' title='bbox 1420 1401 1421 1436; x_wconf 69' lang='lat'><em>³</em></span> 
     </span>
     <span class='ocr_line' id='line_1_10' title="bbox 316 1527 1421 1628; baseline 0 -28"><span class='ocrx_word' id='word_1_63' title='bbox 316 1542 454 1628; x_wconf 58' lang='lat' dir='ltr'><strong>prater</strong></span> <span class='ocrx_word' id='word_1_64' title='bbox 480 1541 630 1599; x_wconf 86' lang='lat' dir='ltr'><strong>artuum</strong></span> <span class='ocrx_word' id='word_1_65' title='bbox 661 1551 744 1600; x_wconf 89' lang='lat' dir='ltr'><strong>ossa</strong></span> <span class='ocrx_word' id='word_1_66' title='bbox 783 1527 824 1598; x_wconf 93' lang='lat' dir='ltr'><strong>id</strong></span> <span class='ocrx_word' id='word_1_67' title='bbox 850 1527 931 1598; x_wconf 84' lang='lat' dir='ltr'><strong>vitii</strong></span> <span class='ocrx_word' id='word_1_68' title='bbox 962 1527 1133 1600; x_wconf 87' lang='lat' dir='ltr'><strong>invadit:</strong></span> <span class='ocrx_word' id='word_1_69' title='bbox 1165 1551 1332 1626; x_wconf 80' lang='lat' dir='ltr'><strong>quorun</strong></span> <span class='ocrx_word' id='word_1_70' title='bbox 1420 1585 1421 1614; x_wconf 30' lang='lat' dir='ltr'><strong>i</strong></span> 
     </span>
    </p>
   </div>
   <div class='ocr_carea' id='block_1_4' title="bbox 317 1645 1332 1860">
    <p class='ocr_par' dir='ltr' id='par_1_5' title="bbox 317 1645 1332 1860">
     <span class='ocr_line' id='line_1_11' title="bbox 317 1645 1332 1747; baseline 0 -29"><span class='ocrx_word' id='word_1_71' title='bbox 317 1645 488 1747; x_wconf 80' lang='lat' dir='ltr'><strong>exempla</strong></span> <span class='ocrx_word' id='word_1_72' title='bbox 509 1647 636 1716; x_wconf 84' lang='lat' dir='ltr'><strong>omnia</strong></span> <span class='ocrx_word' id='word_1_73' title='bbox 656 1669 737 1716; x_wconf 92' lang='lat' dir='ltr'><strong>non</strong></span> <span class='ocrx_word' id='word_1_74' title='bbox 764 1661 820 1718; x_wconf 89' lang='lat' dir='ltr'><strong>est</strong></span> <span class='ocrx_word' id='word_1_75' title='bbox 840 1646 1001 1718; x_wconf 89' lang='lat' dir='ltr'><strong>instituti</strong></span> <span class='ocrx_word' id='word_1_76' title='bbox 1025 1647 1146 1718; x_wconf 85' lang='lat' dir='ltr'><strong>nostri</strong></span> <span class='ocrx_word' id='word_1_77' title='bbox 1168 1669 1332 1718; x_wconf 72' lang='lat' dir='ltr'><strong>commo</strong></span> 
     </span>
     <span class='ocr_line' id='line_1_12' title="bbox 317 1762 1331 1860; baseline -0.001 -25"><span class='ocrx_word' id='word_1_78' title='bbox 317 1785 478 1835; x_wconf 84' lang='lat' dir='ltr'><strong>morare.</strong></span> <span class='ocrx_word' id='word_1_79' title='bbox 507 1767 559 1834; x_wconf 86' lang='lat' dir='ltr'><strong>Ex</strong></span> <span class='ocrx_word' id='word_1_80' title='bbox 577 1762 683 1834; x_wconf 85' lang='lat' dir='ltr'><strong>libris</strong></span> <span class='ocrx_word' id='word_1_81' title='bbox 714 1765 780 1860; x_wconf 92' lang='lat' dir='ltr'><strong>qui</strong></span> <span class='ocrx_word' id='word_1_82' title='bbox 804 1787 908 1835; x_wconf 90' lang='lat' dir='ltr'><strong>nunc</strong></span> <span class='ocrx_word' id='word_1_83' title='bbox 930 1777 1040 1836; x_wconf 82' lang='lat' dir='ltr'><strong>eraut</strong></span> <span class='ocrx_word' id='word_1_84' title='bbox 1076 1765 1115 1835; x_wconf 90' lang='lat' dir='ltr'><strong>in</strong></span> <span class='ocrx_word' id='word_1_85' title='bbox 1138 1762 1331 1848; x_wconf 82' lang='lat' dir='ltr'><strong>manibus,</strong></span> 
     </span>
    </p>
   </div>
   <div class='ocr_carea' id='block_1_5' title="bbox 318 1873 1421 1980">
    <p class='ocr_par' dir='ltr' id='par_1_6' title="bbox 318 1873 1421 1980">
     <span class='ocr_line' id='line_1_13' title="bbox 318 1873 1421 1980; baseline 0.002 -28"><span class='ocrx_word' id='word_1_86' title='bbox 318 1879 491 1980; x_wconf 85' lang='lat' dir='ltr'><strong>quaedam</strong></span> <span class='ocrx_word' id='word_1_87' title='bbox 509 1881 723 1980; x_wconf 85' lang='lat' dir='ltr'><strong>attigimus,</strong></span> <span class='ocrx_word' id='word_1_88' title='bbox 747 1881 850 1952; x_wconf 90' lang='lat' dir='ltr'><strong>unde</strong></span> <span class='ocrx_word' id='word_1_89' title='bbox 870 1879 977 1954; x_wconf 80' lang='lat' dir='ltr'><strong>facile</strong></span> <span class='ocrx_word' id='word_1_90' title='bbox 999 1882 1210 1969; x_wconf 81' lang='lat' dir='ltr'>existimes,</span> <span class='ocrx_word' id='word_1_91' title='bbox 1239 1895 1332 1979; x_wconf 83' lang='lat' dir='ltr'><strong>quot</strong></span> <span class='ocrx_word' id='word_1_92' title='bbox 1420 1873 1421 1930; x_wconf 69' lang='lat' dir='ltr'><strong>i</strong></span> 
     </span>
    </p>
   </div>
   <div class='ocr_carea' id='block_1_6' title="bbox 315 1997 1332 2335">
    <p class='ocr_par' dir='ltr' id='par_1_7' title="bbox 315 1997 1332 2335">
     <span class='ocr_line' id='line_1_14' title="bbox 315 1997 1330 2100; baseline -0.002 -30"><span class='ocrx_word' id='word_1_93' title='bbox 315 2015 471 2100; x_wconf 81' lang='lat' dir='ltr'>possent</span> <span class='ocrx_word' id='word_1_94' title='bbox 491 1999 539 2071; x_wconf 87' lang='lat' dir='ltr'><strong>ad</strong></span> <span class='ocrx_word' id='word_1_95' title='bbox 556 1997 655 2072; x_wconf 81' lang='lat' dir='ltr'><strong>hanc</strong></span> <span class='ocrx_word' id='word_1_96' title='bbox 677 1999 914 2097; x_wconf 84' lang='lat' dir='ltr'><strong>Sepulchreti</strong></span> <span class='ocrx_word' id='word_1_97' title='bbox 929 2001 1136 2072; x_wconf 77' lang='lat' dir='ltr'><strong>sectionem</strong></span> <span class='ocrx_word' id='word_1_98' title='bbox 1149 1998 1267 2087; x_wconf 83' lang='lat' dir='ltr'><strong>addi,</strong></span> <span class='ocrx_word' id='word_1_99' title='bbox 1296 2001 1330 2070; x_wconf 89' lang='lat' dir='ltr'><strong>in</strong></span> 
     </span>
     <span class='ocr_line' id='line_1_15' title="bbox 317 2116 1332 2218; baseline -0.001 -29"><span class='ocrx_word' id='word_1_100' title='bbox 317 2141 393 2218; x_wconf 84' lang='lat' dir='ltr'><strong>qua</strong></span> <span class='ocrx_word' id='word_1_101' title='bbox 411 2141 490 2189; x_wconf 91' lang='lat' dir='ltr'><strong>non</strong></span> <span class='ocrx_word' id='word_1_102' title='bbox 508 2120 673 2190; x_wconf 83' lang='lat' dir='ltr'><strong>recentia</strong></span> <span class='ocrx_word' id='word_1_103' title='bbox 690 2116 825 2205; x_wconf 88' lang='lat' dir='ltr'><strong>modo,</strong></span> <span class='ocrx_word' id='word_1_104' title='bbox 843 2117 908 2190; x_wconf 89' lang='lat' dir='ltr'><strong>sed</strong></span> <span class='ocrx_word' id='word_1_105' title='bbox 922 2132 1095 2190; x_wconf 85' lang='lat' dir='ltr'><strong>etvetera</strong></span> <span class='ocrx_word' id='word_1_106' title='bbox 1115 2116 1332 2190; x_wconf 78' lang='lat' dir='ltr'><strong>desider-an·</strong></span> 
     </span>
     <span class='ocr_line' id='line_1_16' title="bbox 316 2233 1330 2335; baseline -0.008 -25"><span class='ocrx_word' id='word_1_107' title='bbox 316 2251 389 2310; x_wconf 88' lang='lat' dir='ltr'><strong>tur.</strong></span> <span class='ocrx_word' id='word_1_108' title='bbox 412 2238 448 2307; x_wconf 90' lang='lat' dir='ltr'><strong>Si</strong></span> <span class='ocrx_word' id='word_1_109' title='bbox 464 2237 535 2307; x_wconf 83' lang='lat' dir='ltr'><strong>alia</strong></span> <span class='ocrx_word' id='word_1_110' title='bbox 552 2237 706 2335; x_wconf 76' lang='lat' dir='ltr'><strong>quaeris3</strong></span> <span class='ocrx_word' id='word_1_111' title='bbox 724 2260 813 2307; x_wconf 89' lang='lat' dir='ltr'><strong>cum</strong></span> <span class='ocrx_word' id='word_1_112' title='bbox 831 2235 941 2324; x_wconf 84' lang='lat' dir='ltr'><strong>aiibi,</strong></span> <span class='ocrx_word' id='word_1_113' title='bbox 955 2251 1037 2310; x_wconf 84' lang='lat' dir='ltr'><strong>tum</strong></span> <span class='ocrx_word' id='word_1_114' title='bbox 1057 2237 1097 2306; x_wconf 91' lang='lat' dir='ltr'><strong>iu</strong></span> <span class='ocrx_word' id='word_1_115' title='bbox 1109 2233 1330 2308; x_wconf 79' lang='lat' dir='ltr'><strong>Gedanensi</strong></span> 
     </span>
    </p>
   </div>
   <div class='ocr_carea' id='block_1_7' title="bbox 1419 1635 1421 1728">
    <p class='ocr_par' dir='ltr' id='par_1_8' title="bbox 1419 1635 1421 1728">
     <span class='ocr_line' id='line_1_17' title="bbox 1419 1635 1421 1728; baseline 0 0"><span class='ocrx_word' id='word_1_116' title='bbox 1419 1635 1421 1728; x_wconf 65' lang='lat' dir='ltr'><strong>i</strong></span> 
     </span>
    </p>
   </div>
   <div class='ocr_carea' id='block_1_8' title="bbox 315 2352 1420 2454">
    <p class='ocr_par' dir='ltr' id='par_1_9' title="bbox 315 2352 1420 2454">
     <span class='ocr_line' id='line_1_18' title="bbox 315 2352 1420 2454; baseline -0.002 -28"><span class='ocrx_word' id='word_1_117' title='bbox 315 2355 379 2426; x_wconf 82' lang='lat' dir='ltr'><strong>itta</strong></span> <span class='ocrx_word' id='word_1_118' title='bbox 395 2378 508 2452; x_wconf 88' lang='lat' dir='ltr'><strong>quam</strong></span> <span class='ocrx_word' id='word_1_119' title='bbox 530 2377 645 2454; x_wconf 85' lang='lat' dir='ltr'><strong>supra</strong></span> <span class='ocrx_word' id='word_1_120' title='bbox 663 2352 717 2451; x_wconf 82' lang='grc' dir='ltr'><strong>(ι)</strong></span> <span class='ocrx_word' id='word_1_121' title='bbox 732 2353 913 2440; x_wconf 88' lang='lat' dir='ltr'><strong>indicavi,</strong></span> <span class='ocrx_word' id='word_1_122' title='bbox 936 2355 1209 2426; x_wconf 84' lang='lat' dir='ltr'><strong>Dissertatione</strong></span> <span class='ocrx_word' id='word_1_123' title='bbox 1228 2357 1329 2426; x_wconf 79' lang='lat' dir='ltr'><strong>inve</strong></span> <span class='ocrx_word' id='word_1_124' title='bbox 1419 2375 1420 2380; x_wconf 71' lang='grc'>’</span> 
     </span>
    </p>
   </div>
   <div class='ocr_carea' id='block_1_9' title="bbox 196 2470 1329 2570">
    <p class='ocr_par' dir='ltr' id='par_1_10' title="bbox 196 2470 1329 2570">
     <span class='ocr_line' id='line_1_19' title="bbox 196 2470 1329 2570; baseline -0.002 -28"><span class='ocrx_word' id='word_1_125' title='bbox 196 2475 198 2480; x_wconf 78' lang='grc'>’</span> <span class='ocrx_word' id='word_1_126' title='bbox 315 2473 454 2545; x_wconf 86' lang='lat' dir='ltr'><strong>venies.</strong></span> <span class='ocrx_word' id='word_1_127' title='bbox 473 2473 590 2568; x_wconf 85' lang='lat' dir='ltr'><strong>Cujus</strong></span> <span class='ocrx_word' id='word_1_128' title='bbox 605 2487 738 2544; x_wconf 85' lang='lat' dir='ltr'><strong>auctor</strong></span> <span class='ocrx_word' id='word_1_129' title='bbox 757 2472 986 2570; x_wconf 77' lang='lat' dir='ltr'><strong>peculiarem</strong></span> <span class='ocrx_word' id='word_1_130' title='bbox 1003 2473 1161 2569; x_wconf 78' lang='lat' dir='ltr'><strong>insuper</strong></span> <span class='ocrx_word' id='word_1_131' title='bbox 1172 2470 1329 2544; x_wconf 84' lang='lat' dir='ltr'><strong>exhibet</strong></span> 
     </span>
    </p>
   </div>
   <div class='ocr_carea' id='block_1_10' title="bbox 316 2589 1330 2806">
    <p class='ocr_par' dir='ltr' id='par_1_11' title="bbox 316 2589 1330 2806">
     <span class='ocr_line' id='line_1_20' title="bbox 316 2589 1327 2687; baseline -0.002 -25"><span class='ocrx_word' id='word_1_132' title='bbox 316 2591 500 2662; x_wconf 84' lang='lat' dir='ltr'><strong>exustosis</strong></span> <span class='ocrx_word' id='word_1_133' title='bbox 527 2590 714 2669; x_wconf 73' lang='lat' dir='ltr'><strong>claviculae</strong></span> <span class='ocrx_word' id='word_1_134' title='bbox 732 2589 1057 2678; x_wconf 79' lang='lat' dir='ltr'><strong>observationem,</strong></span> <span class='ocrx_word' id='word_1_135' title='bbox 1082 2590 1225 2687; x_wconf 88' lang='lat' dir='ltr'><strong>quoin</strong></span> <span class='ocrx_word' id='word_1_136' title='bbox 1247 2611 1327 2662; x_wconf 81' lang='lat' dir='ltr'><strong>osse</strong></span> 
     </span>
     <span class='ocr_line' id='line_1_21' title="bbox 316 2700 1330 2806; baseline -0.002 -26"><span class='ocrx_word' id='word_1_137' title='bbox 316 2700 662 2796; x_wconf 61' lang='lat' dir='ltr'><strong>sustentantes,</strong></span> <span class='ocrx_word' id='word_1_138' title='bbox 688 2723 798 2780; x_wconf 76' lang='lat' dir='ltr'><strong>tanta</strong></span> <span class='ocrx_word' id='word_1_139' title='bbox 816 2708 1023 2806; x_wconf 68' lang='lat' dir='ltr'><strong>presertim</strong></span> <span class='ocrx_word' id='word_1_140' title='bbox 1040 2705 1330 2804; x_wconf 79' lang='lat' dir='ltr'><strong>magnitudinis,</strong></span> 
     </span>
    </p>
   </div>
   <div class='ocr_carea' id='block_1_11' title="bbox 318 2821 1419 2930">
    <p class='ocr_par' dir='ltr' id='par_1_12' title="bbox 318 2821 1419 2930">
     <span class='ocr_line' id='line_1_22' title="bbox 318 2821 1419 2930; baseline 0.001 -34"><span class='ocrx_word' id='word_1_141' title='bbox 318 2837 519 2922; x_wconf 86' lang='lat' dir='ltr'><strong>conspecta</strong></span> <span class='ocrx_word' id='word_1_142' title='bbox 548 2839 662 2912; x_wconf 82' lang='lat' dir='ltr'><strong>essct,</strong></span> <span class='ocrx_word' id='word_1_143' title='bbox 699 2849 778 2896; x_wconf 93' lang='lat' dir='ltr'><strong>non</strong></span> <span class='ocrx_word' id='word_1_144' title='bbox 815 2825 1033 2898; x_wconf 82' lang='lat' dir='ltr'><strong>meminisse</strong></span> <span class='ocrx_word' id='word_1_145' title='bbox 1062 2821 1214 2896; x_wconf 82' lang='lat' dir='ltr'><strong>fatetur.</strong></span> <span class='ocrx_word' id='word_1_146' title='bbox 1247 2821 1330 2896; x_wconf 81' lang='lat' dir='ltr'><strong>Vidi</strong></span> <span class='ocrx_word' id='word_1_147' title='bbox 1418 2891 1419 2930; x_wconf 60' lang='lat' dir='ltr'><em>z</em></span> 
     </span>
    </p>
   </div>
   <div class='ocr_carea' id='block_1_12' title="bbox 315 2941 1330 3394">
    <p class='ocr_par' dir='ltr' id='par_1_13' title="bbox 315 2941 1330 3394">
     <span class='ocr_line' id='line_1_23' title="bbox 318 2941 1329 3040; baseline -0.005 -26"><span class='ocrx_word' id='word_1_148' title='bbox 318 2963 410 3038; x_wconf 83' lang='lat' dir='ltr'><strong>ego,</strong></span> <span class='ocrx_word' id='word_1_149' title='bbox 436 2955 600 3037; x_wconf 89' lang='lat' dir='ltr'><strong>quatuor</strong></span> <span class='ocrx_word' id='word_1_150' title='bbox 621 2957 823 3040; x_wconf 85' lang='lat' dir='ltr'><strong>postquam</strong></span> <span class='ocrx_word' id='word_1_151' title='bbox 854 2943 918 3014; x_wconf 83' lang='lat' dir='ltr'><strong>illa</strong></span> <span class='ocrx_word' id='word_1_152' title='bbox 942 2941 1154 3014; x_wconf 84' lang='lat' dir='ltr'><strong>dissertatio</strong></span> <span class='ocrx_word' id='word_1_153' title='bbox 1187 2941 1329 3014; x_wconf 82' lang='lat' dir='ltr'><strong>exierat</strong></span> 
     </span>
     <span class='ocr_line' id='line_1_24' title="bbox 316 3058 1328 3159; baseline -0.001 -29"><span class='ocrx_word' id='word_1_154' title='bbox 316 3059 439 3148; x_wconf 85' lang='lat' dir='ltr'><strong>annis,</strong></span> <span class='ocrx_word' id='word_1_155' title='bbox 451 3073 658 3132; x_wconf 84' lang='lat' dir='ltr'><strong>exstantem</strong></span> <span class='ocrx_word' id='word_1_156' title='bbox 668 3062 932 3159; x_wconf 79' lang='lat' dir='ltr'><strong>inpermagnoe</strong></span> <span class='ocrx_word' id='word_1_157' title='bbox 943 3058 1328 3158; x_wconf 79' lang='lat' dir='ltr'><strong>sphaeroidismodum</strong></span> 
     </span>
     <span class='ocr_line' id='line_1_25' title="bbox 315 3175 1330 3276; baseline -0.004 -28"><span class='ocrx_word' id='word_1_158' title='bbox 315 3199 337 3248; x_wconf 86' lang='lat' dir='ltr'><strong>e</strong></span> <span class='ocrx_word' id='word_1_159' title='bbox 356 3175 534 3248; x_wconf 86' lang='lat' dir='ltr'><strong>clavicula</strong></span> <span class='ocrx_word' id='word_1_160' title='bbox 556 3177 697 3274; x_wconf 82' lang='lat' dir='ltr'><strong>pariter</strong></span> <span class='ocrx_word' id='word_1_161' title='bbox 715 3177 886 3265; x_wconf 86' lang='lat' dir='ltr'><strong>sinistra,</strong></span> <span class='ocrx_word' id='word_1_162' title='bbox 901 3177 1119 3276; x_wconf 84' lang='lat' dir='ltr'><strong>pariterque</strong></span> <span class='ocrx_word' id='word_1_163' title='bbox 1135 3175 1228 3248; x_wconf 85' lang='lat' dir='ltr'><strong>oiim</strong></span> <span class='ocrx_word' id='word_1_164' title='bbox 1250 3199 1330 3273; x_wconf 86' lang='lat' dir='ltr'><strong>per-</strong></span> 
     </span>
     <span class='ocr_line' id='line_1_26' title="bbox 315 3291 1329 3394; baseline -0.005 -27"><span class='ocrx_word' id='word_1_165' title='bbox 315 3315 439 3381; x_wconf 81' lang='lat' dir='ltr'><strong>eussa,</strong></span> <span class='ocrx_word' id='word_1_166' title='bbox 454 3293 742 3384; x_wconf 83' lang='lat' dir='ltr'><strong>adolescentuli,</strong></span> <span class='ocrx_word' id='word_1_167' title='bbox 755 3296 901 3394; x_wconf 79' lang='lat' dir='ltr'><strong>origine</strong></span> <span class='ocrx_word' id='word_1_168' title='bbox 909 3295 1008 3383; x_wconf 80' lang='lat' dir='ltr'><strong>lntt,</strong></span> <span class='ocrx_word' id='word_1_169' title='bbox 1024 3297 1090 3392; x_wconf 90' lang='lat' dir='ltr'><strong>qui</strong></span> <span class='ocrx_word' id='word_1_170' title='bbox 1098 3291 1329 3366; x_wconf 84' lang='lat' dir='ltr'><strong>Vindobona</strong></span> 
     </span>
    </p>
   </div>
   <div class='ocr_carea' id='block_1_13' title="bbox 315 3409 1418 3512">
    <p class='ocr_par' dir='ltr' id='par_1_14' title="bbox 315 3409 1418 3512">
     <span class='ocr_line' id='line_1_27' title="bbox 315 3409 1418 3512; baseline 0 -30"><span class='ocrx_word' id='word_1_171' title='bbox 315 3409 392 3482; x_wconf 88' lang='lat' dir='ltr'><strong>huc</strong></span> <span class='ocrx_word' id='word_1_172' title='bbox 416 3426 589 3502; x_wconf 78' lang='lat' dir='ltr'><strong>venerat,</strong></span> <span class='ocrx_word' id='word_1_173' title='bbox 614 3413 645 3484; x_wconf 91' lang='lat' dir='ltr'><strong>si</strong></span> <span class='ocrx_word' id='word_1_174' title='bbox 655 3409 751 3485; x_wconf 82' lang='lat' dir='ltr'><strong>forte</strong></span> <span class='ocrx_word' id='word_1_175' title='bbox 776 3427 862 3512; x_wconf 87' lang='lat' dir='ltr'><strong>post</strong></span> <span class='ocrx_word' id='word_1_176' title='bbox 884 3413 1092 3484; x_wconf 87' lang='lat' dir='ltr'><strong>multorum</strong></span> <span class='ocrx_word' id='word_1_177' title='bbox 1109 3426 1167 3483; x_wconf 92' lang='lat' dir='ltr'><strong>tot</strong></span> <span class='ocrx_word' id='word_1_178' title='bbox 1190 3427 1230 3482; x_wconf 87' lang='lat' dir='ltr'><strong>et</strong></span> <span class='ocrx_word' id='word_1_179' title='bbox 1255 3426 1329 3482; x_wconf 86' lang='lat' dir='ltr'><strong>tam</strong></span> <span class='ocrx_word' id='word_1_180' title='bbox 1417 3411 1418 3422; x_wconf 74' lang='grc'>’</span> 
     </span>
    </p>
   </div>
   <div class='ocr_carea' id='block_1_14' title="bbox 313 3527 1330 3870">
    <p class='ocr_par' dir='ltr' id='par_1_15' title="bbox 313 3527 1330 3870">
     <span class='ocr_line' id='line_1_28' title="bbox 313 3527 1329 3628; baseline -0.001 -32"><span class='ocrx_word' id='word_1_181' title='bbox 313 3528 669 3627; x_wconf 79' lang='lat' dir='ltr'><strong>varias‚omnesque</strong></span> <span class='ocrx_word' id='word_1_182' title='bbox 679 3529 831 3602; x_wconf 88' lang='lat' dir='ltr'><strong>inutiles</strong></span> <span class='ocrx_word' id='word_1_183' title='bbox 840 3527 1194 3617; x_wconf 69' lang='lat' dir='ltr'><strong>meditationeshic</strong></span> <span class='ocrx_word' id='word_1_184' title='bbox 1204 3541 1329 3628; x_wconf 87' lang='lat' dir='ltr'><strong>posset</strong></span> 
     </span>
     <span class='ocr_line' id='line_1_29' title="bbox 317 3644 1329 3746; baseline 0 -30"><span class='ocrx_word' id='word_1_185' title='bbox 317 3646 385 3744; x_wconf 91' lang='lat' dir='ltr'><strong>qui</strong></span> <span class='ocrx_word' id='word_1_186' title='bbox 394 3644 603 3717; x_wconf 86' lang='lat' dir='ltr'><strong>curandum</strong></span> <span class='ocrx_word' id='word_1_187' title='bbox 611 3645 1154 3746; x_wconf 80' lang='lat' dir='ltr'><strong>susciperet‚invenire.Etmihi</strong></span> <span class='ocrx_word' id='word_1_188' title='bbox 1162 3667 1329 3743; x_wconf 87' lang='lat' dir='ltr'><strong>quoque,</strong></span> 
     </span>
     <span class='ocr_line' id='line_1_30' title="bbox 315 3759 1330 3870; baseline -0.003 -36"><span class='ocrx_word' id='word_1_189' title='bbox 315 3775 359 3834; x_wconf 91' lang='lat' dir='ltr'><strong>ut</strong></span> <span class='ocrx_word' id='word_1_190' title='bbox 377 3763 478 3848; x_wconf 83' lang='lat' dir='ltr'><strong>aliis,</strong></span> <span class='ocrx_word' id='word_1_191' title='bbox 502 3759 609 3834; x_wconf 84' lang='lat' dir='ltr'><strong>facile</strong></span> <span class='ocrx_word' id='word_1_192' title='bbox 634 3765 664 3836; x_wconf 93' lang='lat' dir='ltr'><strong>is</strong></span> <span class='ocrx_word' id='word_1_193' title='bbox 686 3781 815 3838; x_wconf 90' lang='lat' dir='ltr'><strong>tumor</strong></span> <span class='ocrx_word' id='word_1_194' title='bbox 831 3767 1090 3870; x_wconf 84' lang='lat' dir='ltr'><strong>imposuisset,</strong></span> <span class='ocrx_word' id='word_1_195' title='bbox 1111 3763 1162 3836; x_wconf 91' lang='lat' dir='ltr'><strong>ob</strong></span> <span class='ocrx_word' id='word_1_196' title='bbox 1182 3789 1225 3835; x_wconf 86' lang='lat' dir='ltr'><strong>ea</strong></span> <span class='ocrx_word' id='word_1_197' title='bbox 1250 3761 1330 3860; x_wconf 90' lang='lat' dir='ltr'><strong>qni·</strong></span> 
     </span>
    </p>
   </div>
   <div class='ocr_carea' id='block_1_15' title="bbox 356 4044 760 4124">
    <p class='ocr_par' dir='ltr' id='par_1_16' title="bbox 356 4044 760 4124">
     <span class='ocr_line' id='line_1_31' title="bbox 356 4044 760 4124; baseline 0.007 -20"><span class='ocrx_word' id='word_1_198' title='bbox 356 4045 404 4124; x_wconf 80' lang='grc' dir='ltr'><strong>(ι)</strong></span> <span class='ocrx_word' id='word_1_199' title='bbox 421 4047 461 4104; x_wconf 82' lang='grc' dir='ltr'><strong>Ν.</strong></span> <span class='ocrx_word' id='word_1_200' title='bbox 484 4044 521 4118; x_wconf 79' lang='grc'><strong>57</strong></span> <span class='ocrx_word' id='word_1_201' title='bbox 536 4044 598 4104; x_wconf 81' lang='lat' dir='ltr'><strong>vid.</strong></span> <span class='ocrx_word' id='word_1_202' title='bbox 613 4044 677 4120; x_wconf 80' lang='lat' dir='ltr'><strong>ejus</strong></span> <span class='ocrx_word' id='word_1_203' title='bbox 690 4066 718 4106; x_wconf 83' lang='lat' dir='ltr'><strong>c.</strong></span> <span class='ocrx_word' id='word_1_204' title='bbox 731 4065 760 4107; x_wconf 74' lang='lat' dir='ltr'><strong>a.</strong></span> 
     </span>
    </p>
   </div>
   <div class='ocr_carea' id='block_1_16' title="bbox 0 0 1432 4660">
    <p class='ocr_par' dir='ltr' id='par_1_17' title="bbox 0 0 1432 4660">
     <span class='ocr_line' id='line_1_32' title="bbox 0 0 1432 4660; baseline 0 0"><span class='ocrx_word' id='word_1_205' title='bbox 0 0 1432 4660; x_wconf 95' lang='lat' dir='ltr'><strong> </strong></span> 
     </span>
    </p>
   </div>
  </div>
 </body>
</html>
