2828 4652
148 463 218 510 ur.
239 463 296 510 111.
325 463 371 508 DE
397 461 533 510 troants
557 459 727 526 VENTRIS,
751 462 1007 513 urtsr.xLV111.
1040 467 1108 540 117

98 579 243 674 quippe
260 575 415 674 reliquis
442 577 590 674 egregie
612 572 889 648 conformatum
914 577 1108 678 plerisque

98 693 302 791 partibus,
348 693 422 764 nisi
456 689 712 766 deformitates
746 691 804 763 hae
848 696 1107 785 accessissent,

99 808 205 908 quod
220 810 370 882 nullum
391 808 596 908 apparebat
615 810 774 898 collum,
792 826 829 882 et
846 836 960 910 supra
977 813 1117 885 oculos'

98 928 161 998 vix
175 926 318 1025 aliquid
336 942 415 999 erat
430 925 581 1016 frontis,
599 953 645 999 ex
671 952 793 1024 eoque
816 928 903 1000 loco
922 953 994 1027 pro
1008 955 1108 1002 com·

98 1044 282 1116 munibus
308 1046 478 1146 corporis
507 1045 751 1144 tegumentis,
774 1071 851 1117 una
877 1061 956 1118 erat
986 1071 1107 1119 mem-

90 1162 220 1234 -hrana
248 1163 385 1252 rubea,
411 1187 493 1261 quae
519 1163 849 1260 capitiS,'minime
873 1164 928 1236 ihi
953 1164 1107 1237 extube-

97 1281 237 1368 rantis,
250 1282 328 1352 imo
347 1282 388 1350 in
402 1281 612 1380 posteriora
633 1278 806 1370 declivis,
832 1283 1028 1380 superiora
1041 1267 1108 1353 oh·

97 1397 260 1488 ducens,
277 1423 346 1498 per
361 1398 529 1471 medium
544 1398 700 1470 dorsum
720 1397 767 1469 ad
782 1398 976 1472 thoracem
988 1397 1106 1471 ferme

96 1513 271 1586 infimum
300 1515 501 1615 pergebat,
526 1529 670 1614 quanto
703 1518 821 1613 magis
851 1515 1105 1606 descendens,
1138 1529 1143 1532 ’

95 1648 204 1706 tanto
224 1634 350 1706 minus
367 1633 450 1705 lata.
471 1633 549 1705 Sub
565 1658 641 1732 qua
652 1635 861 1732 posteriore
879 1613 1107 1706 membranae

95 1765 204 1848 parte
222 1749 467 1849 assurgebant
486 1749 778 1849 protuberantiae
804 1749 886 1822 duae
905 1775 1042 1840 osseae,
1062 1765 1106 1828 ut

92 1867 342 1958 videbantur,
360 1894 443 1966 quae
457 1869 608 1968 singulte
627 1895 648 1940 a
667 1869 825 1968 singulis
844 1868 1025 1942 lateribus
1042 1894 1103 1940 ca-

93 1988 183 2085 pitis
197 1985 394 2086 profectae,
412 2001 449 2058 et
466 2011 543 2085 quo
563 1987 713 2085 longius
733 1985 780 2056 ah
800 1987 883 2084 ipso
898 1985 1102 2059 descende·

92 2104 209 2194 bant,
228 2130 274 2178 co
304 2107 430 2177 minus
454 2105 574 2194 elatae,
602 2105 796 2202 magisque
823 2106 923 2175 iuter
942 2128 980 2176 se
999 2128 1103 2178 acce-

93 2221 247 2312 denteS,
265 2224 411 2322 spinam
428 2221 581 2296 subesse
605 2221 762 2294 bifidam
787 2220 1015 2294 indicabant.
1045 2222 1103 2294 Ad

95 2341 177 2437 ejus
202 2340 430 2414 membranae
441 2341 558 2413 latera
575 2365 655 2410 non
670 2340 826 2425 deerant
844 2339 1103 2438 integumenta

93 2461 333 2550 communia,
352 2459 515 2558 quihus,
542 2473 585 2530 ut
606 2457 796 2554 reliquum
814 2481 927 2527 omne
947 2481 1101 2555 corpus,

91 2579 216 2649 imum
233 2602 388 2675 quoque
403 2591 515 2676 caput
532 2577 712 2672 utrinque
730 2574 991 2672 operiebatur,
1019 2599 1099 2645 non

91 2695 217 2768 solnm
235 2696 432 2784 auriculis,
449 2720 531 2793 quae
548 2693 729 2766 humeros
747 2691 1035 2790 contingebant,
1046 2692 1100 2763 ibi

90 2813 313 2913 praeditum,
329 2813 395 2888 sed
414 2827 451 2884 et
467 2811 629 2910 capillis3
651 2813 759 2908 quasi
775 2824 858 2882 cute
871 2835 954 2908 quae
969 2807 1099 2883 fuisset

90 2932 287 3030 proxima,
327 2957 348 3002 a
378 2954 527 3002 summo
544 2928 703 3016 avulsa,
735 2941 772 2998 et
799 2926 981 3014 lacerata,
1015 2952 1097 3026 quae

88 3063 325 3122 remanserat
353 3049 448 3120 cutis
481 3045 661 3144 capillatae
686 3069 796 3144 pars,
831 3067 873 3116 ea
911 3067 949 3148 se
985 3041 1096 3113 deor-

88 3189 175 3237 sum
194 3167 448 3240 contraxisset.
470 3171 593 3262 Atque
613 3161 692 3234 haec
710 3162 873 3235 exterius
891 3160 1098 3257 conspicie-

86 3282 240 3358 bantur.

93 3459 98 3467 ,
137 3401 341 3475 Abdomen
357 3394 1096 3496 autemincidendo,primumpingued0

90 3520 211 3592 multa
227 3521 269 3590 in
291 3534 537 3619 conspectum
553 3519 679 3607 venit,
702 3541 785 3614 quae
818 3514 955 3612 passim
981 3514 1100 3588 multa

89 3641 234 3736 pariter
257 3637 490 3736 ubicumque
512 3653 591 3710 erat
609 3637 730 3724 cutis,
759 3633 850 3704 huic
873 3630 1100 3726 subjicieba-

89 3769 166 3846 tur3
182 3755 323 3828 deinde
343 3756 501 3854 reliquis
518 3754 680 3848 diductis
707 3749 930 3850 parietibus,
955 3749 1100 3819 viscera

90 3875 218 3946 omnia
236 3887 319 3943 tum
340 3874 503 3962 ventris,
526 3888 607 3946 tum
637 3895 727 3942 mox
757 3865 923 3939 thoracis
955 3865 1098 3962 optime

86 3991 300 4067 constituta.
330 3990 388 4066 Ad
423 4005 536 4087 caput
561 3988 735 4086 -denique
766 3977 999 4068 transeunti,
1027 3979 1097 4052 sub
