2828 4652
319 441 386 512 106
482 465 528 510 ns
554 465 700 512 snumus
724 463 769 512 rr
794 463 919 512 clusis
943 461 1152 512 nonnosum

317 601 480 650 mannus
499 579 573 674 (ι),
591 579 772 676 proximis
792 593 878 650 ante
897 591 1048 678 partum
1066 577 1202 650 diebus
1221 603 1242 649 a
1258 575 1325 649 ssa-

321 696 424 770 tibus
438 694 840 785 intestinatumebant,
857 697 925 793 qui
944 712 1073 768 tumor
1088 710 1253 794 apertu,
1268 711 1326 768 ta-

315 815 426 886 metsi‘
441 812 588 886 nullum
605 813 797 910 sanguinis
812 812 1059 911 profluvium,
1082 816 1160 886 imo
1179 809 1326 886 lochio·

314 955 398 1002 rum
422 945 519 1004 esset
535 954 704 1018 remora,
730 955 851 1029 usque
868 927 964 1004 adeo
981 934 1161 1019 increvit,
1181 946 1227 1004 ut
1248 931 1325 1004 coli

313 1050 517 1146 praesertim
534 1050 702 1120 intestini
725 1051 918 1148 superior,
948 1063 987 1122 et
1004 1047 1161 1122 inferior
1179 1063 1327 1121 tractus

253 1167 268 1248 ,’
302 1166 382 1263 filo
405 1183 477 1238 tres
490 1181 621 1267 partes
640 1167 742 1239 ulnce
767 1167 881 1265 longo
905 1173 975 1240 vire
1003 1181 1129 1266 posset
1146 1189 1325 1264 compre·

313 1283 454 1374 hendi;
479 1286 607 1382 itaque
623 1286 698 1356 imo
716 1285 797 1382 ejus
816 1309 903 1384 pars
922 1284 1104 1384 sphacelo
1124 1299 1324 1382 correpte,

256 1444 261 1450 -
313 1413 350 1472 et
369 1413 479 1501 rupte
498 1415 667 1475 ventrem
687 1400 930 1476 foetidissimis
940 1401 1116 1475 sordibus
1128 1401 1325 1500 opplevit,

312 1519 567 1618 feminamque
582 1521 751 1593 secundo
770 1545 790 1592 e
809 1537 921 1620 partu
940 1520 1002 1593 die
1021 1520 1188 1594 sustulit:
1212 1520 1326 1616 cujus

312 1653 422 1710 utero
440 1645 540 1712 intur
553 1665 625 1739 per
642 1663 790 1711 omnem
805 1641 1039 1740 superficiem
1052 1639 1244 1738 placentes·
1265 1661 1326 1710 re-

314 1754 441 1856 ttqntae
452 1758 664 1846 haerebant,
681 1757 798 1857 digito
818 1755 925 1829 facile
944 1756 1163 1830 avellendus:
1183 1757 1224 1828 in
1241 1779 1323 1828 cer·

312 1876 393 1946 vice
408 1889 531 1947 eutem
546 1878 625 1974 ipsa
641 1897 753 1948 cruor
765 1875 976 1948 hesitabat.
993 1879 1135 1946 Verum
1146 1899 1193 1946 ne
1212 1873 1261 1946 de
1277 1876 1323 1948 iis

313 1993 434 2064 solum
451 2017 533 2090 quae
549 2005 683 2091 praeter
699 2007 871 2065 naturam
891 1994 930 2064 in
956 1991 1147 2093 descripto
1164 2013 1184 2062 a
1205 1989 1324 2066 nobis

311 2111 490 2184 cadavere
511 2125 784 2201 occurrerunt3
802 2111 868 2184 sed
888 2109 935 2183 de
956 2109 1037 2183 aliis
1062 2110 1202 2198 etiem,
1232 2131 1320 2207 que

311 2243 354 2302 nt
365 2243 483 2302 totam
494 2229 556 2302 hic
574 2219 734 2302 haberes
743 2229 1107 2329 historiam,omisse
1122 2243 1323 2317 nousunt,
1409 2233 1410 2248 ¹

309 2348 452 2446 aliquid
464 2349 577 2420 simul
596 2349 846 2446 attingamus3
864 2349 1009 2419 utinam
1024 2369 1072 2418 ne
1091 2345 1194 2444 apud
1214 2349 1321 2416 Con-

311 2465 600 2553 sarcinatorem,
619 2487 696 2535 non
715 2466 845 2563 paucis
862 2466 1036 2538 instituto
1057 2487 1127 2536 suo
1152 2483 1322 2534 necesse·
1410 2553 1411 2566 ἵ

310 2582 376 2654 riis
396 2581 502 2654 libris
527 2597 739 2669 carentem,
763 2583 829 2655 sed
857 2581 959 2680 apud
983 2583 1190 2655 Antonium
1210 2580 1325 2652 Sido·
1410 2573 1411 2614 i

310 2699 379 2772 bre
397 2698 456 2796 (s)
474 2701 543 2770 viri
562 2695 767 2773 doctissimi
784 2701 961 2800 legissent
982 2701 1111 2772 omnia
1132 2721 1214 2797 quae
1232 2718 1324 2771 oum

310 2819 394 2914 ipso
415 2816 462 2888 de
484 2817 611 2891 lacteis
636 2819 736 2890 uteri
764 2818 943 2890 ductibus
975 2817 1326 2890 communicaverat

311 2935 491 3008 Chiracus
506 2961 517 3025 ;
535 2961 615 3008 non
635 2939 736 3009 enim
759 2935 865 3010 lacile
884 2935 1136 3024 censuissent,
1167 2935 1325 3008 eosdem

246 3081 252 3096 ·
312 3054 390 3126 esse
410 3078 452 3126 ac
461 3076 558 3152 quos
576 3079 646 3154 ego
660 3053 822 3154 lymphae
836 3053 974 3128 ductus
987 3056 1027 3126 in
1045 3075 1232 3151 puerpera
1248 3051 1324 3126 heo

310 3171 397 3243 vidi.
417 3176 612 3270 Optassem
629 3175 788 3270 pariter,
811 3173 937 3271 utqui
954 3172 1027 3245 hos
1046 3172 1093 3243 eb
1106 3171 1324 3270 Ruysohio,

311 3289 435 3361 aliisve
451 3306 675 3389 conspectos
687 3291 880 3379 dixerunt,
900 3291 1001 3364 illius
1020 3291 1169 3379 locum,
1200 3305 1238 3362 et
1252 3311 1324 3361 an·

311 3431 402 3476 num
447 3433 524 3504 quo
562 3407 727 3480 viderint
762 3409 848 3497 alii,
894 3408 1032 3480 diserte
1071 3406 1326 3495 indicassent,

312 3524 467 3622 quando
480 3547 550 3624 ego
569 3549 647 3624 quo
658 3523 1322 3625 tempore,etquibusostendissem,
1410 3623 1411 3630 ἵ

351 3897 393 3980 (ι)
415 3902 491 3976 spu.
508 3903 547 3959 n.
561 3903 594 3959 c.
612 3903 675 3959 uec.
694 3903 726 3973 s,
743 3905 941 3979 s.9et10„
960 3901 1025 3962 om.
1041 3866 1111 3958 'ns

349 4001 394 4078 (s)
413 4003 510 4060 Trsct.
523 4003 562 4060 de
575 4002 682 4064 seriel·
697 4022 722 4060 c.
739 4022 767 4075 7.
