<?xml version="1.0" encoding="UTF-8"?>
<!DOCTYPE html PUBLIC "-//W3C//DTD XHTML 1.0 Transitional//EN"
    "http://www.w3.org/TR/xhtml1/DTD/xhtml1-transitional.dtd">
<html xmlns="http://www.w3.org/1999/xhtml" xml:lang="en" lang="en">
 <head>
  <title>
</title>
<meta http-equiv="Content-Type" content="text/html;charset=utf-8" />
  <meta name='ocr-system' content='tesseract 3.04.00' />
  <meta name='ocr-capabilities' content='ocr_page ocr_carea ocr_par ocr_line ocrx_word'/>
</head>
<body>
  <div class='ocr_page' id='page_1' title='image "./desedibusetcaus03adelgoog_0072.png"; bbox 0 0 2872 4660; ppageno 0'>
   <div class='ocr_carea' id='block_1_1' title="bbox 291 401 1133 488">
    <p class='ocr_par' dir='ltr' id='par_1_1' title="bbox 291 401 1133 488">
     <span class='ocr_line' id='line_1_1' title="bbox 291 401 1133 488; baseline 0.002 -16"><span class='ocrx_word' id='word_1_1' title='bbox 291 401 340 488; x_wconf 73' lang='lat'><strong>64</strong></span> <span class='ocrx_word' id='word_1_2' title='bbox 458 427 503 472; x_wconf 82' lang='lat' dir='ltr'><strong>uu</strong></span> <span class='ocrx_word' id='word_1_3' title='bbox 529 426 676 474; x_wconf 78' lang='lat' dir='ltr'><strong>saumas</strong></span> <span class='ocrx_word' id='word_1_4' title='bbox 702 427 745 472; x_wconf 78' lang='lat' dir='ltr'><strong>ar</strong></span> <span class='ocrx_word' id='word_1_5' title='bbox 771 423 896 474; x_wconf 77' lang='lat' dir='ltr'><strong>causis</strong></span> <span class='ocrx_word' id='word_1_6' title='bbox 922 425 1133 474; x_wconf 78' lang='lat' dir='ltr'><strong>uonaonotr</strong></span> 
     </span>
    </p>
   </div>
   <div class='ocr_carea' id='block_1_2' title="bbox 220 535 1416 3462">
    <p class='ocr_par' dir='ltr' id='par_1_2' title="bbox 220 535 1346 2406">
     <span class='ocr_line' id='line_1_2' title="bbox 291 535 1310 611; baseline 0 -3"><span class='ocrx_word' id='word_1_7' title='bbox 291 535 555 610; x_wconf 88' lang='lat' dir='ltr'><strong>formationem</strong></span> <span class='ocrx_word' id='word_1_8' title='bbox 571 538 773 610; x_wconf 89' lang='lat' dir='ltr'><strong>indicatam</strong></span> <span class='ocrx_word' id='word_1_9' title='bbox 791 563 870 611; x_wconf 92' lang='lat' dir='ltr'><strong>esse</strong></span> <span class='ocrx_word' id='word_1_10' title='bbox 886 554 1094 611; x_wconf 85' lang='lat' dir='ltr'><strong>amotuum</strong></span> <span class='ocrx_word' id='word_1_11' title='bbox 1109 537 1220 611; x_wconf 85' lang='lat' dir='ltr'><strong>foetus</strong></span> <span class='ocrx_word' id='word_1_12' title='bbox 1236 538 1310 608; x_wconf 93' lang='lat' dir='ltr'><strong>im·</strong></span> 
     </span>
     <span class='ocr_line' id='line_1_3' title="bbox 292 627 1306 755; baseline 0 -27"><span class='ocrx_word' id='word_1_13' title='bbox 292 655 522 743; x_wconf 89' lang='lat' dir='ltr'><strong>minutione,</strong></span> <span class='ocrx_word' id='word_1_14' title='bbox 544 671 630 754; x_wconf 92' lang='lat' dir='ltr'><strong>post</strong></span> <span class='ocrx_word' id='word_1_15' title='bbox 654 657 753 728; x_wconf 90' lang='lat' dir='ltr'><strong>banc</strong></span> <span class='ocrx_word' id='word_1_16' title='bbox 788 658 913 730; x_wconf 87' lang='lat' dir='ltr'><strong>autem</strong></span> <span class='ocrx_word' id='word_1_17' title='bbox 944 659 1062 755; x_wconf 85' lang='lat' dir='ltr'><strong>magia</strong></span> <span class='ocrx_word' id='word_1_18' title='bbox 1093 627 1306 754; x_wconf 77' lang='lat' dir='ltr'><strong>deindep5‚</strong></span> 
     </span>
     <span class='ocr_line' id='line_1_4' title="bbox 291 753 1305 872; baseline -0.002 -28"><span class='ocrx_word' id='word_1_19' title='bbox 291 775 484 872; x_wconf 85' lang='lat' dir='ltr'><strong>magisque</strong></span> <span class='ocrx_word' id='word_1_20' title='bbox 498 788 661 861; x_wconf 84' lang='lat' dir='ltr'>auctam,</span> <span class='ocrx_word' id='word_1_21' title='bbox 672 787 804 846; x_wconf 88' lang='lat' dir='ltr'><strong>etcum</strong></span> <span class='ocrx_word' id='word_1_22' title='bbox 818 774 970 846; x_wconf 89' lang='lat' dir='ltr'><strong>tandem</strong></span> <span class='ocrx_word' id='word_1_23' title='bbox 980 753 1111 847; x_wconf 84' lang='lat' dir='ltr'><strong>eorum</strong></span> <span class='ocrx_word' id='word_1_24' title='bbox 1121 789 1305 844; x_wconf 88' lang='lat' dir='ltr'><strong>motuum</strong></span> 
     </span>
     <span class='ocr_line' id='line_1_5' title="bbox 220 890 1308 988; baseline -0.002 -28"><span class='ocrx_word' id='word_1_25' title='bbox 220 954 223 960; x_wconf 87' lang='lat'><em>.</em></span> <span class='ocrx_word' id='word_1_26' title='bbox 289 891 366 988; x_wconf 87' lang='lat' dir='ltr'><strong>jam</strong></span> <span class='ocrx_word' id='word_1_27' title='bbox 385 890 481 960; x_wconf 90' lang='lat' dir='ltr'><strong>nibil</strong></span> <span class='ocrx_word' id='word_1_28' title='bbox 508 893 666 963; x_wconf 89' lang='lat' dir='ltr'><strong>omnino</strong></span> <span class='ocrx_word' id='word_1_29' title='bbox 685 906 907 988; x_wconf 84' lang='lat' dir='ltr'><strong>perceptu-m</strong></span> <span class='ocrx_word' id='word_1_30' title='bbox 931 907 1006 981; x_wconf 91' lang='lat' dir='ltr'><strong>est,</strong></span> <span class='ocrx_word' id='word_1_31' title='bbox 1036 891 1127 963; x_wconf 92' lang='lat' dir='ltr'><strong>nodi</strong></span> <span class='ocrx_word' id='word_1_32' title='bbox 1144 891 1308 962; x_wconf 89' lang='lat' dir='ltr'><strong>arctissi-</strong></span> 
     </span>
     <span class='ocr_line' id='line_1_6' title="bbox 293 1005 1305 1107; baseline -0.002 -29"><span class='ocrx_word' id='word_1_33' title='bbox 293 1033 391 1078; x_wconf 86' lang='lat' dir='ltr'><strong>mam</strong></span> <span class='ocrx_word' id='word_1_34' title='bbox 420 1006 553 1080; x_wconf 86' lang='lat' dir='ltr'><strong>factam</strong></span> <span class='ocrx_word' id='word_1_35' title='bbox 578 1010 884 1080; x_wconf 84' lang='lat' dir='ltr'><strong>constrictionem</strong></span> <span class='ocrx_word' id='word_1_36' title='bbox 905 1006 1018 1080; x_wconf 86' lang='lat' dir='ltr'><strong>fuisse</strong></span> <span class='ocrx_word' id='word_1_37' title='bbox 1041 1005 1305 1107; x_wconf 81' lang='lat' dir='ltr'><strong>significatam.</strong></span> 
     </span>
     <span class='ocr_line' id='line_1_7' title="bbox 293 1125 1306 1222; baseline 0 -28"><span class='ocrx_word' id='word_1_38' title='bbox 293 1125 365 1196; x_wconf 86' lang='lat' dir='ltr'><strong>Sed</strong></span> <span class='ocrx_word' id='word_1_39' title='bbox 384 1126 422 1194; x_wconf 91' lang='lat' dir='ltr'><strong>in</strong></span> <span class='ocrx_word' id='word_1_40' title='bbox 436 1125 615 1221; x_wconf 86' lang='lat' dir='ltr'><strong>placentae</strong></span> <span class='ocrx_word' id='word_1_41' title='bbox 631 1149 785 1222; x_wconf 93' lang='lat' dir='ltr'><strong>quoque</strong></span> <span class='ocrx_word' id='word_1_42' title='bbox 805 1125 962 1197; x_wconf 89' lang='lat' dir='ltr'><strong>adaucta</strong></span> <span class='ocrx_word' id='word_1_43' title='bbox 979 1127 1018 1194; x_wconf 92' lang='lat' dir='ltr'><strong>in</strong></span> <span class='ocrx_word' id='word_1_44' title='bbox 1030 1125 1109 1198; x_wconf 91' lang='lat' dir='ltr'><strong>dies</strong></span> <span class='ocrx_word' id='word_1_45' title='bbox 1124 1151 1244 1211; x_wconf 84' lang='lat' dir='ltr'><strong>noxa,</strong></span> <span class='ocrx_word' id='word_1_46' title='bbox 1259 1139 1306 1194; x_wconf 90' lang='lat' dir='ltr'><strong>ut</strong></span> 
     </span>
     <span class='ocr_line' id='line_1_8' title="bbox 294 1233 1306 1341; baseline -0.003 -27"><span class='ocrx_word' id='word_1_47' title='bbox 294 1257 392 1341; x_wconf 92' lang='lat' dir='ltr'><strong>puta·</strong></span> <span class='ocrx_word' id='word_1_48' title='bbox 416 1241 466 1313; x_wconf 94' lang='lat' dir='ltr'><strong>ob</strong></span> <span class='ocrx_word' id='word_1_49' title='bbox 491 1239 650 1316; x_wconf 75' lang='lat' dir='ltr'><strong>funiculi</strong></span> <span class='ocrx_word' id='word_1_50' title='bbox 676 1242 920 1329; x_wconf 87' lang='lat' dir='ltr'><strong>brevitatem,</strong></span> <span class='ocrx_word' id='word_1_51' title='bbox 948 1258 1011 1314; x_wconf 88' lang='lat' dir='ltr'><strong>aut</strong></span> <span class='ocrx_word' id='word_1_52' title='bbox 1031 1233 1188 1341; x_wconf 86' lang='lat' dir='ltr'><strong>prdpter</strong></span> <span class='ocrx_word' id='word_1_53' title='bbox 1212 1241 1306 1314; x_wconf 86' lang='lat' dir='ltr'><strong>skir-</strong></span> 
     </span>
     <span class='ocr_line' id='line_1_9' title="bbox 295 1359 1305 1459; baseline -0.001 -28"><span class='ocrx_word' id='word_1_54' title='bbox 295 1359 430 1448; x_wconf 85' lang='lat' dir='ltr'><strong>rhum,</strong></span> <span class='ocrx_word' id='word_1_55' title='bbox 449 1361 628 1432; x_wconf 82' lang='lat' dir='ltr'><strong>vitiumve</strong></span> <span class='ocrx_word' id='word_1_56' title='bbox 645 1359 747 1430; x_wconf 92' lang='lat' dir='ltr'><strong>aliud</strong></span> <span class='ocrx_word' id='word_1_57' title='bbox 769 1359 872 1457; x_wconf 91' lang='lat' dir='ltr'><strong>quod</strong></span> <span class='ocrx_word' id='word_1_58' title='bbox 886 1361 924 1430; x_wconf 90' lang='lat' dir='ltr'><strong>iu</strong></span> <span class='ocrx_word' id='word_1_59' title='bbox 945 1360 1008 1432; x_wconf 90' lang='lat' dir='ltr'><strong>illa</strong></span> <span class='ocrx_word' id='word_1_60' title='bbox 1033 1361 1119 1459; x_wconf 91' lang='lat' dir='ltr'><strong>plus</strong></span> <span class='ocrx_word' id='word_1_61' title='bbox 1139 1361 1305 1458; x_wconf 89' lang='lat' dir='ltr'><strong>plusque</strong></span> 
     </span>
     <span class='ocr_line' id='line_1_10' title="bbox 297 1477 1303 1564; baseline -0.002 -14"><span class='ocrx_word' id='word_1_62' title='bbox 297 1492 460 1564; x_wconf 88' lang='lat' dir='ltr'><strong>crescat,</strong></span> <span class='ocrx_word' id='word_1_63' title='bbox 481 1477 581 1550; x_wconf 89' lang='lat' dir='ltr'><strong>idem</strong></span> <span class='ocrx_word' id='word_1_64' title='bbox 593 1479 844 1552; x_wconf 86' lang='lat' dir='ltr'><strong>successivum</strong></span> <span class='ocrx_word' id='word_1_65' title='bbox 856 1493 981 1550; x_wconf 88' lang='lat' dir='ltr'><strong>motus</strong></span> <span class='ocrx_word' id='word_1_66' title='bbox 999 1479 1303 1564; x_wconf 86' lang='lat' dir='ltr'><strong>decrementum,</strong></span> 
     </span>
     <span class='ocr_line' id='line_1_11' title="bbox 297 1593 1303 1692; baseline 0.001 -27"><span class='ocrx_word' id='word_1_67' title='bbox 297 1593 401 1692; x_wconf 88' lang='lat' dir='ltr'><strong>quod</strong></span> <span class='ocrx_word' id='word_1_68' title='bbox 423 1594 578 1666; x_wconf 79' lang='lat' dir='ltr'><strong>abolitio</strong></span> <span class='ocrx_word' id='word_1_69' title='bbox 604 1594 768 1692; x_wconf 90' lang='lat' dir='ltr'><strong>denique</strong></span> <span class='ocrx_word' id='word_1_70' title='bbox 802 1610 1077 1692; x_wconf 84' lang='lat' dir='ltr'><strong>consequatur,</strong></span> <span class='ocrx_word' id='word_1_71' title='bbox 1108 1595 1303 1676; x_wconf 87' lang='lat' dir='ltr'><strong>accidere,</strong></span> 
     </span>
     <span class='ocr_line' id='line_1_12' title="bbox 299 1712 1307 1811; baseline 0.002 -29"><span class='ocrx_word' id='word_1_72' title='bbox 299 1737 385 1784; x_wconf 90' lang='lat' dir='ltr'><strong>cum</strong></span> <span class='ocrx_word' id='word_1_73' title='bbox 401 1714 496 1784; x_wconf 89' lang='lat' dir='ltr'><strong>ratio</strong></span> <span class='ocrx_word' id='word_1_74' title='bbox 513 1712 677 1798; x_wconf 80' lang='lat' dir='ltr'><strong>indicat,</strong></span> <span class='ocrx_word' id='word_1_75' title='bbox 704 1727 785 1784; x_wconf 90' lang='lat' dir='ltr'><strong>tum</strong></span> <span class='ocrx_word' id='word_1_76' title='bbox 802 1715 1008 1811; x_wconf 64' lang='lat' dir='ltr'><strong>praesertim</strong></span> <span class='ocrx_word' id='word_1_77' title='bbox 1024 1712 1307 1784; x_wconf 84' lang='lat' dir='ltr'><strong>observationes</strong></span> 
     </span>
     <span class='ocr_line' id='line_1_13' title="bbox 300 1829 1306 1929; baseline -0.002 -27"><span class='ocrx_word' id='word_1_78' title='bbox 300 1830 546 1920; x_wconf 81' lang='lat' dir='ltr'><strong>confirmant,</strong></span> <span class='ocrx_word' id='word_1_79' title='bbox 563 1856 724 1929; x_wconf 87' lang='lat' dir='ltr'><strong>quarum</strong></span> <span class='ocrx_word' id='word_1_80' title='bbox 743 1831 904 1928; x_wconf 84' lang='lat' dir='ltr'><strong>aliquam</strong></span> <span class='ocrx_word' id='word_1_81' title='bbox 924 1833 964 1900; x_wconf 92' lang='lat' dir='ltr'><strong>in</strong></span> <span class='ocrx_word' id='word_1_82' title='bbox 984 1829 1306 1928; x_wconf 87' lang='lat' dir='ltr'><strong>Sepulchreto(1)</strong></span> 
     </span>
     <span class='ocr_line' id='line_1_14' title="bbox 300 1948 1346 2045; baseline -0.006 -25"><span class='ocrx_word' id='word_1_83' title='bbox 300 1951 488 2036; x_wconf 86' lang='lat' dir='ltr'><strong>invenies,</strong></span> <span class='ocrx_word' id='word_1_84' title='bbox 509 1949 598 2022; x_wconf 90' lang='lat' dir='ltr'><strong>alias</strong></span> <span class='ocrx_word' id='word_1_85' title='bbox 620 1975 664 2019; x_wconf 78' lang='lat' dir='ltr'><strong>ex</strong></span> <span class='ocrx_word' id='word_1_86' title='bbox 681 1948 942 2019; x_wconf 89' lang='lat' dir='ltr'><strong>dissertatione</strong></span> <span class='ocrx_word' id='word_1_87' title='bbox 963 1948 1017 2045; x_wconf 76' lang='lat' dir='ltr'><strong>(a)</strong></span> <span class='ocrx_word' id='word_1_88' title='bbox 1035 1949 1223 2044; x_wconf 86' lang='lat' dir='ltr'><strong>conjicere</strong></span> <span class='ocrx_word' id='word_1_89' title='bbox 1236 1965 1307 2045; x_wconf 89' lang='lat' dir='ltr'><strong>po&#39;-</strong></span> <span class='ocrx_word' id='word_1_90' title='bbox 1332 1993 1346 2014; x_wconf 86' lang='lat'>.</span> 
     </span>
     <span class='ocr_line' id='line_1_15' title="bbox 302 2062 1308 2166; baseline -0.001 -28"><span class='ocrx_word' id='word_1_91' title='bbox 302 2069 389 2140; x_wconf 92' lang='lat' dir='ltr'><strong>teris</strong></span> <span class='ocrx_word' id='word_1_92' title='bbox 402 2068 446 2138; x_wconf 91' lang='lat' dir='ltr'><strong>cl.</strong></span> <span class='ocrx_word' id='word_1_93' title='bbox 461 2069 560 2140; x_wconf 90' lang='lat' dir='ltr'><strong>Petri</strong></span> <span class='ocrx_word' id='word_1_94' title='bbox 569 2067 706 2138; x_wconf 88' lang='lat' dir='ltr'><strong>Stuarti</strong></span> <span class='ocrx_word' id='word_1_95' title='bbox 716 2120 725 2152; x_wconf 97' lang='lat'><strong>,</strong></span> <span class='ocrx_word' id='word_1_96' title='bbox 737 2067 803 2162; x_wconf 93' lang='lat' dir='ltr'><strong>qui</strong></span> <span class='ocrx_word' id='word_1_97' title='bbox 815 2065 1009 2166; x_wconf 91' lang='lat' dir='ltr'><strong>proposita</strong></span> <span class='ocrx_word' id='word_1_98' title='bbox 1019 2065 1066 2136; x_wconf 87' lang='lat' dir='ltr'><strong>ab</strong></span> <span class='ocrx_word' id='word_1_99' title='bbox 1080 2089 1118 2137; x_wconf 93' lang='lat' dir='ltr'><strong>se</strong></span> <span class='ocrx_word' id='word_1_100' title='bbox 1129 2062 1308 2164; x_wconf 87' lang='lat' dir='ltr'><strong>dogmata</strong></span> 
     </span>
     <span class='ocr_line' id='line_1_16' title="bbox 302 2171 1309 2286; baseline -0.005 -26"><span class='ocrx_word' id='word_1_101' title='bbox 302 2213 347 2260; x_wconf 81' lang='lat' dir='ltr'><strong>ex</strong></span> <span class='ocrx_word' id='word_1_102' title='bbox 361 2171 426 2258; x_wconf 85' lang='lat' dir='ltr'><strong>ore</strong></span> <span class='ocrx_word' id='word_1_103' title='bbox 444 2185 756 2286; x_wconf 86' lang='lat' dir='ltr'><strong>experientissimi</strong></span> <span class='ocrx_word' id='word_1_104' title='bbox 782 2184 920 2256; x_wconf 88' lang='lat' dir='ltr'><strong>Friedii</strong></span> <span class='ocrx_word' id='word_1_105' title='bbox 952 2207 991 2256; x_wconf 89' lang='lat' dir='ltr'><strong>se</strong></span> <span class='ocrx_word' id='word_1_106' title='bbox 1015 2181 1152 2254; x_wconf 84' lang='lat' dir='ltr'><strong>fatetur</strong></span> <span class='ocrx_word' id='word_1_107' title='bbox 1174 2184 1228 2280; x_wconf 81' lang='lat'><strong>(3)</strong></span> <span class='ocrx_word' id='word_1_108' title='bbox 1254 2201 1309 2256; x_wconf 71' lang='lat' dir='ltr'><strong>ac‘·</strong></span> 
     </span>
     <span class='ocr_line' id='line_1_17' title="bbox 304 2307 457 2406; baseline -0.013 -30"><span class='ocrx_word' id='word_1_109' title='bbox 304 2307 457 2406; x_wconf 87' lang='lat' dir='ltr'><strong>cepisse.</strong></span> 
     </span>
    </p>

    <p class='ocr_par' dir='ltr' id='par_1_3' title="bbox 303 2419 1416 3109">
     <span class='ocr_line' id='line_1_18' title="bbox 356 2419 1311 2518; baseline -0.001 -25"><span class='ocrx_word' id='word_1_110' title='bbox 356 2423 412 2493; x_wconf 83' lang='lat'><strong>26.</strong></span> <span class='ocrx_word' id='word_1_111' title='bbox 444 2425 554 2493; x_wconf 89' lang='lat' dir='ltr'><strong>Nunc</strong></span> <span class='ocrx_word' id='word_1_112' title='bbox 574 2421 754 2518; x_wconf 82' lang='lat' dir='ltr'><strong>placentae</strong></span> <span class='ocrx_word' id='word_1_113' title='bbox 783 2422 870 2492; x_wconf 90' lang='lat' dir='ltr'><strong>vitia</strong></span> <span class='ocrx_word' id='word_1_114' title='bbox 897 2421 1067 2518; x_wconf 87' lang='lat' dir='ltr'><strong>quaedam</strong></span> <span class='ocrx_word' id='word_1_115' title='bbox 1085 2422 1184 2508; x_wconf 83' lang='lat' dir='ltr'><strong>alia,</strong></span> <span class='ocrx_word' id='word_1_116' title='bbox 1209 2419 1311 2492; x_wconf 87' lang='lat' dir='ltr'><strong>unde</strong></span> 
     </span>
     <span class='ocr_line' id='line_1_19' title="bbox 304 2537 1416 2637; baseline -0.002 -25"><span class='ocrx_word' id='word_1_117' title='bbox 304 2540 534 2613; x_wconf 87' lang='lat' dir='ltr'><strong>abortientes</strong></span> <span class='ocrx_word' id='word_1_118' title='bbox 570 2537 849 2636; x_wconf 86' lang='lat' dir='ltr'><strong>periclitantur,</strong></span> <span class='ocrx_word' id='word_1_119' title='bbox 878 2541 1115 2637; x_wconf 86' lang='lat' dir='ltr'><strong>attingemus.</strong></span> <span class='ocrx_word' id='word_1_120' title='bbox 1162 2537 1310 2610; x_wconf 89' lang='lat' dir='ltr'><strong>Sciebat</strong></span> <span class='ocrx_word' id='word_1_121' title='bbox 1415 2607 1416 2610; x_wconf 74' lang='grc'>,</span> 
     </span>
     <span class='ocr_line' id='line_1_20' title="bbox 303 2653 1312 2754; baseline -0.003 -25"><span class='ocrx_word' id='word_1_122' title='bbox 303 2655 516 2752; x_wconf 85' lang='lat' dir='ltr'><strong>Ruyscbius</strong></span> <span class='ocrx_word' id='word_1_123' title='bbox 531 2655 589 2753; x_wconf 70' lang='grc' dir='ltr'><strong>(Δ)</strong></span> <span class='ocrx_word' id='word_1_124' title='bbox 603 2655 786 2754; x_wconf 80' lang='lat' dir='ltr'><strong>plurimos</strong></span> <span class='ocrx_word' id='word_1_125' title='bbox 804 2653 915 2727; x_wconf 87' lang='lat' dir='ltr'><strong>fuisse</strong></span> <span class='ocrx_word' id='word_1_126' title='bbox 935 2656 1102 2728; x_wconf 87' lang='lat' dir='ltr'><strong>medicos</strong></span> <span class='ocrx_word' id='word_1_127' title='bbox 1119 2656 1186 2754; x_wconf 91' lang='lat' dir='ltr'><strong>qui</strong></span> <span class='ocrx_word' id='word_1_128' title='bbox 1200 2656 1312 2752; x_wconf 85' lang='lat' dir='ltr'><strong>igno-</strong></span> 
     </span>
     <span class='ocr_line' id='line_1_21' title="bbox 306 2772 1416 2872; baseline -0.003 -26"><span class='ocrx_word' id='word_1_129' title='bbox 306 2772 653 2861; x_wconf 85' lang='lat' dir='ltr'><strong>rantes,mensibus</strong></span> <span class='ocrx_word' id='word_1_130' title='bbox 667 2776 883 2872; x_wconf 84' lang='lat' dir='ltr'><strong>gestationis</strong></span> <span class='ocrx_word' id='word_1_131' title='bbox 898 2774 1028 2871; x_wconf 90' lang='lat' dir='ltr'><strong>primis</strong></span> <span class='ocrx_word' id='word_1_132' title='bbox 1042 2773 1232 2872; x_wconf 90' lang='lat' dir='ltr'><strong>placentas</strong></span> <span class='ocrx_word' id='word_1_133' title='bbox 1241 2797 1312 2871; x_wconf 90' lang='lat' dir='ltr'><strong>per</strong></span> <span class='ocrx_word' id='word_1_134' title='bbox 1415 2809 1416 2864; x_wconf 67' lang='lat'><strong>,</strong></span> 
     </span>
     <span class='ocr_line' id='line_1_22' title="bbox 308 2889 1416 2989; baseline -0.005 -25"><span class='ocrx_word' id='word_1_135' title='bbox 308 2918 345 2966; x_wconf 89' lang='lat' dir='ltr'><strong>se</strong></span> <span class='ocrx_word' id='word_1_136' title='bbox 369 2890 520 2989; x_wconf 90' lang='lat' dir='ltr'><strong>quidem</strong></span> <span class='ocrx_word' id='word_1_137' title='bbox 541 2916 618 2963; x_wconf 90' lang='lat' dir='ltr'><strong>esse</strong></span> <span class='ocrx_word' id='word_1_138' title='bbox 636 2915 789 2988; x_wconf 84' lang='lat' dir='ltr'><strong>parvas,</strong></span> <span class='ocrx_word' id='word_1_139' title='bbox 808 2891 874 2964; x_wconf 90' lang='lat' dir='ltr'><strong>sed</strong></span> <span class='ocrx_word' id='word_1_140' title='bbox 896 2891 945 2962; x_wconf 93' lang='lat' dir='ltr'><strong>ob</strong></span> <span class='ocrx_word' id='word_1_141' title='bbox 967 2891 1128 2961; x_wconf 90' lang='lat' dir='ltr'><strong>multum</strong></span> <span class='ocrx_word' id='word_1_142' title='bbox 1144 2889 1312 2987; x_wconf 89' lang='lat' dir='ltr'><strong>plerum·</strong></span> <span class='ocrx_word' id='word_1_143' title='bbox 1412 2953 1416 2972; x_wconf 63' lang='lat'><strong>,</strong></span> 
     </span>
     <span class='ocr_line' id='line_1_23' title="bbox 308 3007 1313 3109; baseline -0.001 -28"><span class='ocrx_word' id='word_1_144' title='bbox 308 3035 383 3109; x_wconf 92' lang='lat' dir='ltr'><strong>que</strong></span> <span class='ocrx_word' id='word_1_145' title='bbox 395 3009 615 3108; x_wconf 89' lang='lat' dir='ltr'><strong>sanguinem</strong></span> <span class='ocrx_word' id='word_1_146' title='bbox 638 3025 879 3098; x_wconf 87' lang='lat' dir='ltr'><strong>concretum,</strong></span> <span class='ocrx_word' id='word_1_147' title='bbox 901 3007 1072 3104; x_wconf 89' lang='lat' dir='ltr'><strong>undique</strong></span> <span class='ocrx_word' id='word_1_148' title='bbox 1086 3009 1227 3080; x_wconf 88' lang='lat' dir='ltr'><strong>arctius</strong></span> <span class='ocrx_word' id='word_1_149' title='bbox 1248 3008 1313 3080; x_wconf 90' lang='lat' dir='ltr'><strong>ad-</strong></span> 
     </span>
    </p>

    <p class='ocr_par' dir='ltr' id='par_1_4' title="bbox 280 3107 1416 3462">
     <span class='ocr_line' id='line_1_24' title="bbox 280 3107 1414 3225; baseline -0.003 -25"><span class='ocrx_word' id='word_1_150' title='bbox 280 3201 283 3208; x_wconf 71' lang='lat'><strong>,</strong></span> <span class='ocrx_word' id='word_1_151' title='bbox 307 3129 533 3216; x_wconf 86' lang='lat' dir='ltr'><strong>haerentem,</strong></span> <span class='ocrx_word' id='word_1_152' title='bbox 553 3127 674 3199; x_wconf 90' lang='lat' dir='ltr'><strong>multo</strong></span> <span class='ocrx_word' id='word_1_153' title='bbox 699 3151 813 3225; x_wconf 90' lang='lat' dir='ltr'><strong>quam</strong></span> <span class='ocrx_word' id='word_1_154' title='bbox 834 3151 964 3198; x_wconf 85' lang='lat' dir='ltr'><strong>revera</strong></span> <span class='ocrx_word' id='word_1_155' title='bbox 981 3127 1070 3214; x_wconf 91' lang='lat' dir='ltr'><strong>sint,</strong></span> <span class='ocrx_word' id='word_1_156' title='bbox 1090 3125 1211 3196; x_wconf 90' lang='lat' dir='ltr'><strong>videri</strong></span> <span class='ocrx_word' id='word_1_157' title='bbox 1239 3147 1315 3197; x_wconf 81' lang='lat' dir='ltr'><strong>arn·</strong></span> <span class='ocrx_word' id='word_1_158' title='bbox 1413 3107 1414 3112; x_wconf 7' lang='grc' dir='ltr'><strong>Ἰ</strong></span> 
     </span>
     <span class='ocr_line' id='line_1_25' title="bbox 308 3244 1315 3346; baseline -0.004 -28"><span class='ocrx_word' id='word_1_159' title='bbox 308 3249 459 3346; x_wconf 77' lang='lat' dir='ltr'><strong>plioreS,</strong></span> <span class='ocrx_word' id='word_1_160' title='bbox 477 3245 544 3318; x_wconf 91' lang='lat' dir='ltr'><strong>bas</strong></span> <span class='ocrx_word' id='word_1_161' title='bbox 561 3245 663 3343; x_wconf 87' lang='lat' dir='ltr'><strong>apud</strong></span> <span class='ocrx_word' id='word_1_162' title='bbox 682 3267 744 3316; x_wconf 88' lang='lat' dir='ltr'><strong>eas</strong></span> <span class='ocrx_word' id='word_1_163' title='bbox 764 3270 846 3342; x_wconf 87' lang='lat' dir='ltr'><strong>quae</strong></span> <span class='ocrx_word' id='word_1_164' title='bbox 865 3244 1136 3324; x_wconf 86' lang='lat' dir='ltr'><strong>abortiverant,</strong></span> <span class='ocrx_word' id='word_1_165' title='bbox 1160 3246 1315 3342; x_wconf 87' lang='lat' dir='ltr'><strong>conspi-</strong></span> 
     </span>
     <span class='ocr_line' id='line_1_26' title="bbox 313 3361 1416 3462; baseline -0.004 -24"><span class='ocrx_word' id='word_1_166' title='bbox 313 3369 385 3438; x_wconf 91' lang='lat' dir='ltr'><strong>cati</strong></span> <span class='ocrx_word' id='word_1_167' title='bbox 409 3380 446 3438; x_wconf 87' lang='lat' dir='ltr'><strong>et</strong></span> <span class='ocrx_word' id='word_1_168' title='bbox 473 3362 606 3436; x_wconf 84' lang='lat' dir='ltr'><strong>foetum</strong></span> <span class='ocrx_word' id='word_1_169' title='bbox 632 3362 697 3462; x_wconf 87' lang='lat' dir='ltr'><strong>¹qui</strong></span> <span class='ocrx_word' id='word_1_170' title='bbox 721 3365 754 3434; x_wconf 94' lang='lat' dir='ltr'><strong>ei</strong></span> <span class='ocrx_word' id='word_1_171' title='bbox 780 3362 1022 3460; x_wconf 86' lang='lat' dir='ltr'><strong>amplitudini</strong></span> <span class='ocrx_word' id='word_1_172' title='bbox 1041 3361 1316 3460; x_wconf 88' lang='lat' dir='ltr'><strong>responderet,</strong></span> <span class='ocrx_word' id='word_1_173' title='bbox 1415 3433 1416 3440; x_wconf 71' lang='grc'>,</span> 
     </span>
    </p>
   </div>
   <div class='ocr_carea' id='block_1_3' title="bbox 364 3670 1046 3841">
    <p class='ocr_par' dir='ltr' id='par_1_5' title="bbox 364 3670 1046 3841">
     <span class='ocr_line' id='line_1_27' title="bbox 364 3673 540 3730; baseline -0.017 0"><span class='ocrx_word' id='word_1_174' title='bbox 364 3693 376 3730; x_wconf 94' lang='lat'>1</span> <span class='ocrx_word' id='word_1_175' title='bbox 447 3673 496 3730; x_wconf 89' lang='lat' dir='ltr'><strong>cit.</strong></span> <span class='ocrx_word' id='word_1_176' title='bbox 533 3714 540 3728; x_wconf 90' lang='lat'><em>.</em></span> 
     </span>
     <span class='ocr_line' id='line_1_28' title="bbox 380 3670 1046 3841; baseline -0.008 -12"><span class='ocrx_word' id='word_1_177' title='bbox 380 3670 392 3750; x_wconf 61' lang='lat' dir='ltr'><strong>i</strong></span> <span class='ocrx_word' id='word_1_178' title='bbox 414 3677 459 3830; x_wconf 76' lang='lat' dir='ltr'><strong>ite</strong></span> <span class='ocrx_word' id='word_1_179' title='bbox 474 3692 628 3827; x_wconf 78' lang='lat' dir='ltr'><strong>sedundiu.</strong></span> <span class='ocrx_word' id='word_1_180' title='bbox 644 3769 754 3826; x_wconf 84' lang='lat' dir='ltr'><strong>salutis.</strong></span> <span class='ocrx_word' id='word_1_181' title='bbox 770 3782 799 3826; x_wconf 82' lang='lat' dir='ltr'><strong>et</strong></span> <span class='ocrx_word' id='word_1_182' title='bbox 817 3781 878 3828; x_wconf 80' lang='lat' dir='ltr'><strong>caet.</strong></span> <span class='ocrx_word' id='word_1_183' title='bbox 898 3790 925 3828; x_wconf 93' lang='lat' dir='ltr'><strong>c.</strong></span> <span class='ocrx_word' id='word_1_184' title='bbox 941 3787 973 3841; x_wconf 81' lang='lat' dir='ltr'><strong>a,</strong></span> <span class='ocrx_word' id='word_1_185' title='bbox 991 3768 1046 3840; x_wconf 71' lang='lat'><strong>58.</strong></span> 
     </span>
    </p>
   </div>
   <div class='ocr_carea' id='block_1_4' title="bbox 348 3671 362 4054">
    <p class='ocr_par' dir='ltr' id='par_1_6' title="bbox 348 3671 362 4054">
     <span class='ocr_line' id='line_1_29' title="bbox 348 3671 360 3748; baseline 0 0"><span class='ocrx_word' id='word_1_186' title='bbox 348 3671 360 3748; x_wconf 90' lang='lat'>(</span> 
     </span>
     <span class='ocr_line' id='line_1_30' title="bbox 349 3773 361 3851; baseline 0 0"><span class='ocrx_word' id='word_1_187' title='bbox 349 3773 361 3851; x_wconf 83' lang='lat' dir='ltr'><strong>l</strong></span> 
     </span>
     <span class='ocr_line' id='line_1_31' title="bbox 351 3872 362 3953; baseline 0 0"><span class='ocrx_word' id='word_1_188' title='bbox 351 3872 362 3953; x_wconf 86' lang='lat' dir='ltr'><strong>l</strong></span> 
     </span>
     <span class='ocr_line' id='line_1_32' title="bbox 350 3973 362 4054; baseline 0 0"><span class='ocrx_word' id='word_1_189' title='bbox 350 3973 362 4054; x_wconf 85' lang='lat' dir='ltr'><strong>l</strong></span> 
     </span>
    </p>
   </div>
   <div class='ocr_carea' id='block_1_5' title="bbox 363 3774 594 4051">
    <p class='ocr_par' dir='ltr' id='par_1_7' title="bbox 363 3774 594 4051">
     <span class='ocr_line' id='line_1_33' title="bbox 364 3774 594 3952; baseline -0.03 -20"><span class='ocrx_word' id='word_1_190' title='bbox 364 3774 393 3952; x_wconf 55' lang='lat' dir='ltr'><strong>{i</strong></span> <span class='ocrx_word' id='word_1_191' title='bbox 415 3875 450 3929; x_wconf 90' lang='lat' dir='ltr'><strong>In</strong></span> <span class='ocrx_word' id='word_1_192' title='bbox 467 3889 594 3946; x_wconf 89' lang='lat' dir='ltr'><strong>prooem.</strong></span> 
     </span>
     <span class='ocr_line' id='line_1_34' title="bbox 363 3971 393 4051; baseline 0 0"><span class='ocrx_word' id='word_1_193' title='bbox 363 3971 393 4051; x_wconf 74' lang='lat'><strong>4)</strong></span> 
     </span>
    </p>
   </div>
   <div class='ocr_carea' id='block_1_6' title="bbox 415 3968 773 4044">
    <p class='ocr_par' dir='ltr' id='par_1_8' title="bbox 415 3968 773 4044">
     <span class='ocr_line' id='line_1_35' title="bbox 415 3968 773 4044; baseline -0.014 -15"><span class='ocrx_word' id='word_1_194' title='bbox 415 3970 504 4030; x_wconf 85' lang='lat' dir='ltr'><strong>Thes.</strong></span> <span class='ocrx_word' id='word_1_195' title='bbox 519 3982 598 4028; x_wconf 84' lang='lat' dir='ltr'><strong>anat.</strong></span> <span class='ocrx_word' id='word_1_196' title='bbox 616 3969 651 4044; x_wconf 81' lang='lat'><strong>6,</strong></span> <span class='ocrx_word' id='word_1_197' title='bbox 665 3989 696 4026; x_wconf 89' lang='lat' dir='ltr'><strong>u.</strong></span> <span class='ocrx_word' id='word_1_198' title='bbox 709 3968 773 4028; x_wconf 86' lang='lat'>81.&#39;</span> 
     </span>
    </p>
   </div>
   <div class='ocr_carea' id='block_1_7' title="bbox 0 0 1466 4660">
    <p class='ocr_par' dir='ltr' id='par_1_9' title="bbox 0 0 1466 4660">
     <span class='ocr_line' id='line_1_36' title="bbox 0 0 1466 4660; baseline 0 0"><span class='ocrx_word' id='word_1_199' title='bbox 0 0 1466 4660; x_wconf 95' lang='lat' dir='ltr'><strong> </strong></span> 
     </span>
    </p>
   </div>
  </div>
 </body>
</html>
