2854 4660
183 445 252 492 rra.
271 390 320 492 ri.
336 443 382 490 nr.
395 441 531 521 nonus
544 441 741 506 carruae,
760 433 828 490 etc
847 442 958 492 rrrsr.
978 445 1010 492 u.
1040 421 1108 521 317
1158 409 1162 416 ’

107 557 338 655 dinibusque
359 556 404 627 ad
421 559 578 654 propius
598 555 792 626 adhaerens
807 555 1113 654 ossibusperios-

109 693 212 748 teum
226 677 439 762 veniamus;
457 673 708 744 Boerhaavius
727 670 784 768 (r)
802 671 989 770 duplicem
1007 700 1114 747 exos·

107 791 374 864 tosismodum
393 792 594 888 proponit,
615 791 781 887 primum
812 789 880 860 ubi
897 791 1019 862 solum
1046 819 1115 891 pe-
1189 797 1191 802 ’
1292 806 1294 820 ¹

107 913 295 984 riosteum'
305 909 530 996 obstruitur,
546 905 682 1002 deinde
700 909 953 999 intumescens
969 935 1038 1006 per
1053 935 1114 982 va-

108 1029 188 1098 rios
206 1023 400 1123 gradusad
420 1026 511 1096 ossis
531 1023 709 1094 duritiem
730 1027 917 1121 pervenit3
935 1025 1114 1116 alterum,

109 1144 179 1216 ubi
197 1143 351 1215 lamellae
370 1143 508 1214 ossium
532 1166 553 1212 a
587 1141 728 1213 mutuis
752 1141 989 1214 contactibus
1009 1169 1115 1216 rece·

110 1263 208 1332 dunt
230 1261 300 1348 sic,
318 1274 361 1330 ut
388 1259 524 1330 viderit
544 1281 625 1330 ossa
654 1260 770 1341 cranii
785 1259 999 1358 quadruplo
1021 1287 1116 1334 cras-

109 1381 210 1450 siora
236 1403 350 1476 quam
365 1376 572 1451 secuudum
591 1393 785 1468 naturam,
807 1375 966 1479 fungosa
988 1369 1118 1454 autem*

107 1512 259 1569 totaut
284 1497 474 1594 pumicem
495 1493 702 1566 referrent.
741 1497 868 1568 Priore
902 1498 1017 1594 igitur
1049 1498 1114 1570 illo
1163 1511 1165 1514 ’

108 1614 226 1686 modo
244 1616 370 1686 utaris
388 1613 476 1702 licet
497 1612 544 1683 ad
566 1627 755 1692 exustoses
771 1611 852 1684 illas
876 1615 1116 1711 explicandas

107 1758 192 1830 quae
205 1733 245 1802 in
265 1733 448 1804 exteriore
470 1732 609 1803 ossium
623 1727 713 1804 facie
732 1745 917 1803 exstantes
931 1763 947 1819 ,·
959 1757 1003 1803 ex
1020 1755 1115 1804 com·

108 1865 219 1948 pacta
238 1875 342 1922 ossea
367 1849 572 1950 substantia
593 1863 786 1936 constant,
806 1851 904 1919 utin
928 1851 973 1921 iis
992 1875 1114 1922 exem·

108 1968 184 2066 plis
199 1993 280 2066 quae
295 1993 339 2039 ex
354 1967 503 2054 Bidloo,
523 1965 789 2062 Ruyschioque
810 1967 1036 2063 protulimus
1046 1968 1116 2065 (2):

92 2087 233 2156 'multo
258 2101 379 2156 autem
404 2084 583 2155 libentius
611 2085 663 2154 sic
690 2081 892 2179 explicabis
917 2100 1117 2182 postquam

109 2203 377 2300 explicationes
395 2202 530 2299 legeris
556 2201 600 2271 ci.
624 2201 781 2272 Hameiii
797 2199 875 2296 (3),‘
895 2225 971 2270 non
992 2203 1115 2274 solum

108 2345 191 2390 non
218 2317 580 2418 discrepantes‚.sed
606 2334 642 2389 et
665 2321 830 2416 propriis
850 2322 1116 2418 experimentis

110 2436 372 2525 confirmatas,
393 2437 485 2507 dum
506 2440 545 2506 in
564 2437 922 2510 viventibusbestiis
942 2441 1116 2512 excitatas

108 2557 158 2628 ab
181 2581 218 2633 se
244 2554 518 2652 ejusdemmodi
543 2570 731 2626 exostoses
758 2555 965 2632 secundum
994 2559 1117 2649 varios

109 2659 360 2745 indurationis
382 2672 519 2770 gradus
535 2664 750 2770 inspiceret,
768 2689 804 2743 et
821 2673 922 2746 uude
935 2673 1118 2770 proficis·

110 2807 289 2864 cerentur
307 2789 527 2862 attenderet.
560 2791 663 2882 Quin
681 2791 748 2860 etsi
765 2787 900 2861 fatetur
926 2807 1115 2866 exustoses

110 2909 265 2981 alterius
283 2908 449 3006 generis,
472 2907 510 2976 id
534 2922 588 2978 est
607 2909 841 3005 spongiosos,
870 2908 1036 2980 necdum
1056 2938 1117 2984 ex·

112 3027 228 3098 citare
244 3026 431 3124 potuisse3
459 3023 616 3095 modurn
630 3040 767 3106 ⁴tamen
791 3025 932 3096 iudicat
955 3051 1032 3122 quo
1050 3027 1117 3100 has

112 3165 267 3240 quoque
282 3167 327 3215 ex
345 3144 533 3239 periosteo
549 3139 631 3212 fieri
653 3143 910 3238 concipiamus
918 3168 929 3229 w3
953 3142 1116 3240 denique

112 3259 365 3348 concludens,
393 3258 581 3356 quidquid
606 3258 796 3347 vulnerat,
816 3261 950 3347 irritat,
971 3259 1119 3332 inflam-

113 3393 210 3466 mat,
230 3390 294 3448 aut
308 3376 496 3448 tumidum
517 3375 603 3468 facit
628 3377 879 3474 perimmuni,
908 3379 1118 3473 cujusmodi

113 4011 147 4050 08
