2816 5282
317 451 387 522 602
483 477 527 524 os
554 477 701 524 sanmos
728 477 770 524 cr
796 477 921 525 causis
948 479 1150 526 uoaaomm

317 615 398 686 quae
413 589 460 661 ad
480 591 586 662 illum
607 589 654 662 de
676 591 828 688 Ulysse‚
849 607 887 662 et
912 593 1074 690 Cyclope
1095 593 1231 662 Homeri
1247 589 1287 658 lo·

318 731 402 778 curn
421 713 494 802 (i),
512 710 577 782 ulu'
593 725 731 778 mentes
762 709 885 806 lrepar
902 709 1059 796 habeut,
1081 707 1230 782 Galenus
1248 704 1286 800 (a)

318 825 563 897 adnotaverit.
599 826 643 898 V
640 825 852 897 ulneratam
874 827 974 897 lianc
1003 853 1160 912 uenum,
1192 845 1290 896 cavam

318 944 514 1030 nimirum,
538 967 612 1039 qua
631 945 760 1039 jecur,
782 945 820 1012 in
851 945 959 1040 cnjus
982 943 1184 1019 substantia
1200 937 1291 1012 defixa

318 1075 394 1147 est,
410 1060 456 1130 ad
471 1060 716 1157 diaphragma
732 1059 876 1156 alligat,
889 1060 1167 1146 uutdr'vulsam‚
1180 1058 1290 1154 inquit,

288 1175 296 1194 '
316 1193 430 1248 acuta
445 1177 542 1248 adeo
552 1185 715 1274 sequitur
726 1201 850 1263 mors,
867 1194 910 1248 ut
925 1201 1008 1248 eum
1024 1177 1189 1276 Cyclopi,
1202 1197 1290 1272 quon·

318 1319 432 1393 quom
461 1294 570 1391 louge
594 1300 785 1382 inaximo,
817 1299 1133 1392 sapientissimum
1166 1291 1291 1386 Ulyssem

309 1428 431 1510 poeta
450 1415 625 1482 scriberet
638 1411 828 1496 insidiari,
844 1427 1077 1510 mortemque
1096 1410 1291 1492 machinari,

316 1553 393 1598 uon
416 1537 454 1598 in
484 1530 601 1599 uliam
624 1535 796 1627 corporis
820 1545 971 1627 partem
999 1555 1125 1600 ensem
1150 1525 1291 1626 impulsu·
1351 1543 1352 1548 ’

318 1672 405 1719 rum
413 1650 536 1738 fuisse
558 1650 739 1744 stureerr't,
768 1671 882 1744 quom
910 1673 987 1744 qua
1019 1648 1143 1746 hepar
1161 1646 1291 1744 phrenas

318 1771 528 1836 continent:
544 1820 551 1834 .
566 1817 573 1834 .
587 1819 615 1834 ..
637 1764 735 1835 adeo
762 1780 858 1835 certe
882 1765 969 1836 huic
995 1765 1079 1836 loco
1097 1761 1289 1859 confidebat,

319 1899 361 1952 ut
374 1881 569 1955 siuulnere
586 1885 747 1971 affhctus
773 1898 887 1970 esset,
914 1907 962 1954 ue
979 1888 1157 1981 temporis
1177 1876 1290 1977 quidem

318 2017 543 2072 momentum
562 2008 685 2072 uiuere
703 2005 776 2099 ipsi
802 2015 895 2070 esset
913 2007 1172 2097 permissurus.
1193 1993 1290 2066 Sedet
1351 2005 1352 2048 ἒ

316 2117 497 2194 Riolanus
510 2119 564 2216 (3)
595 2121 782 2191 Galerium
803 2118 948 2205 laudat,
961 2118 1067 2214 quod
1087 2119 1160 2188 hoc
1173 2109 1290 2186 Homeri

319 2239 576 2309 testimonium
591 2236 808 2334 protulerit:
824 2259 1041 2332 quanquam
1054 2230 1227 2335 memoria
1239 2231 1289 2324 lap

319 2379 400 2443 sus,
445 2356 548 2453 quod
585 2371 747 2452 uterque
784 2353 972 2425 facturum
1011 2343 1125 2426 fuisse
1157 2353 1289 2447 Ulyssem

318 2475 448 2560 aiunt,
469 2499 599 2572 reapse
613 2471 742 2544 fecisse
770 2472 870 2542 dicit.
887 2475 917 2542 A
941 2474 1106 2544 sauciata
1123 2485 1233 2542 antem
1247 2461 1288 2534 iel·
1351 2445 1352 2504 i

316 2589 362 2660 lis
381 2591 541 2662 vesicula
562 2615 652 2660 num
674 2615 778 2686 aeque
798 2587 917 2677 celer,
943 2613 985 2660 ac
1005 2590 1219 2686 repentinus
1232 2579 1288 2652 obi·

318 2723 378 2777 tus
397 2707 606 2777 necessario
628 2708 674 2777 sit
689 2705 946 2802 expectandus
959 2757 968 2793 ‚
980 2707 1099 2777 satisa
1115 2730 1172 2775 me
1183 2707 1211 2771 ΙΙ
1220 2698 1287 2795 epis·
1351 2769 1352 2784 ¹

317 2824 677 2922 tolaanatomicaid)
693 2840 885 2896 ostensum
903 2809 978 2912 est,
1000 2849 1089 2894 cum
1108 2823 1287 2913 omniaque
1351 2831 1352 2912 p

318 2942 364 3013 ad
387 2942 424 3013 id
445 2967 565 3039 usque
592 2958 742 3041 tempus
761 2941 948 3040 producta
977 2941 1216 3025 dicebantur,
1233 2954 1287 3003 non

316 3061 434 3153 modo
455 3059 671 3145 evaluere,
695 3059 759 3130 sed
780 3081 1067 3156 a·quacumque
1100 3081 1203 3132 causa
1216 3049 1287 3121 illius
1351 3047 1352 3056 ’

318 3179 509 3275 ruptionis
530 3177 700 3274 exempla
734 3174 931 3274 perpendi.
965 3179 1095 3246 Unum
1126 3175 1286 3246 duntaxat,

317 3312 381 3366 aut
393 3294 552 3365 alterum
573 3293 619 3365 ab
639 3294 704 3364 iilo
728 3307 900 3390 tempore
918 3291 1087 3363 additum
1102 3291 1223 3390 legisse
1234 3305 1286 3351 me·

318 3415 428 3499 mini,
459 3436 624 3509 quorum
651 3410 810 3483 alterum
835 3409 1021 3507 inspicere
1049 3409 1186 3508 poteris
1211 3391 1285 3498 apud
1351 3399 1352 3440 i

422 3841 465 3893 De
480 3857 534 3893 usu
547 3849 624 3912 part.
640 3838 659 3893 1.
675 3841 705 3908 4,
721 3857 745 3893 c.
763 3844 808 3904 14.

422 3934 626 4015 Anthropogr.
642 3939 661 3993 l.
681 3958 716 4010 1,
733 3957 757 3994 e.
774 3955 801 3993 a.
882 3931 885 3936 ’

422 4039 459 4092 Ν.
481 4035 530 4110 96.
691 4038 694 4045 ’
