2784 5088
326 363 397 454 490
488 381 535 428 us
562 377 709 428 sautans
733 379 779 429 ur
803 373 929 430 causa
954 377 1157 431 mousom

323 517 456 570 nasum
475 493 636 564 attinuit,
661 491 735 564 Sed
753 508 791 564 at
806 494 888 592 ipse
907 495 1085 568 Bononiae
1099 495 1172 568 vidi
1189 495 1291 568 vulnus

323 635 394 712 par
407 633 447 682 se
464 635 666 709 magnum,
682 609 730 681 ad
751 610 917 709 speciem
935 626 1061 684 autern
1081 613 1193 684 multo
1206 613 1292 684 nari·

324 751 453 804 mum.
472 743 516 800 ut
540 743 630 827 pote
661 727 766 826 quod
796 729 911 802 sirnul
934 731 982 803 ad
1003 745 1204 828 utrumque
1229 754 1291 802 cun

325 848 472 934 sinum,
503 846 616 918 simul
638 845 685 919 ad
710 869 844 918 nasum
870 861 1089 934 externum,
1116 863 1152 921 et
1175 847 1291 923 adosse

323 962 414 1036 huic
431 961 602 1060 subjecta
622 987 702 1036 nou
718 962 835 1036 modo
855 963 1064 1062 spectabat,
1091 965 1154 1040 sed
1176 966 1220 1038 ita
1235 965 1293 1036 illo

323 1106 410 1154 rum
427 1105 515 1152 cava
533 1096 781 1169 reseraverat,
798 1095 837 1152 et
851 1084 1038 1181 sanguine
1051 1080 1294 1170 laudaveram

323 1198 372 1272 ad
401 1197 583 1296 grandem
609 1197 742 1270 inflicti
771 1199 940 1272 vulneris
978 1195 1147 1290 hiatum,
1170 1199 1295 1272 naturali

324 1321 458 1391 eorum
479 1340 658 1388 cavorum
694 1314 952 1416 profunditate
980 1318 1202 1406 aoeedente,
1231 1318 1295 1388 hor

323 1434 488 1508 rendum
507 1434 590 1506 visu
610 1435 868 1532 spectaculum
891 1458 972 1508 sese
999 1432 1164 1508 offerret.
1197 1433 1297 1508 Fistula

325 1552 427 1624 enim
436 1548 693 1650 ferrea,quam
703 1551 902 1628 arctibuso
920 1553 1117 1652 appellant
1134 1567 1297 1638 nostrates,

325 1695 412 1743 oum
428 1667 525 1742 forte
537 1671 636 1769 pyrii
656 1670 823 1767 pulveris
841 1671 898 1762 vi,
912 1671 1030 1744 nimia
1050 1673 1161 1770 copia
1177 1667 1297 1754 inclusi,

238 1877 242 1894 „
325 1788 400 1859 boo
436 1812 621 1874 accenso,
640 1786 846 1875 dissiliret,
880 1799 1000 1888 puero
1039 1814 1194 1878 nasum,
1218 1783 1298 1862 etde

324 1906 509 1980 maxillari
537 1921 704 2002 utroque
734 1929 818 1980 osse
852 1919 1003 1981 tanturn
1044 1906 1255 1994 abstulerat,
1272 1916 1299 1974 ut

326 2024 538 2098 maxillares
555 2021 686 2094 ⁴ambo
711 2025 818 2097 sinus
845 2025 960 2099 simul
995 2051 1084 2098 cnm
1108 2027 1221 2100 caveis
1244 2019 1299 2094 nasi

326 2157 517 2245 paterent,
543 2164 626 2240 quae
653 2166 699 2214 eo
722 2167 880 2241 quoque
903 2144 1141 2242 apparebant
1157 2143 1299 2240 majores,

326 2261 432 2362 quod
458 2285 504 2334 ea
524 2285 612 2359 pars
632 2261 744 2332 etiam
773 2260 875 2337 illius
906 2262 1109 2360 utriusque
1140 2263 1225 2336 ossis
1245 2279 1300 2356 que

325 2403 437 2468 naso,
450 2395 562 2477 atque
585 2379 644 2449 ori
655 2377 908 2474 interjicitur,
934 2381 1106 2452 anterius
1118 2381 1241 2480 partim
1256 2373 1301 2448 ab·

327 2509 478 2597 sumpta
507 2509 605 2585 erat,
631 2495 769 2593 partim
789 2491 908 2568 fracta
932 2496 1113 2570 deorsum
1133 2493 1301 2598 pendebat,

326 2629 369 2692 ut
385 2613 608 2714 plumbeum
633 2611 769 2686 tubum
795 2613 910 2686 inter·
924 2639 1028 2703 eam,
1059 2633 1099 2688 et
1122 2614 1300 2688 irrierioren

326 2731 517 2804 maxillam
549 2733 793 2828 interponere
820 2734 1059 2830 oportuerit,
1096 2759 1168 2834 per
1200 2751 1301 2832 quen,

246 2874 250 2882 ·
329 2849 454 2922 donec
486 2874 574 2948 pars
601 2847 719 2921 fracta
748 2851 1048 2940 annumerem-et
1073 2850 1256 2952 penicilla,
1274 2866 1301 2914 ac

328 2967 484 3042 linteola
499 2967 786 3055 medicamentis
797 2967 909 3056 illita,
926 2967 973 3042 de
986 2971 1068 3042 nasi
1091 2970 1216 3045 caveis,
1232 2959 1301 3038 deni

328 3101 507 3188 possent,
523 3084 817 3186 pueraleretur,
831 3099 868 3156 et
883 3085 1059 3184 spiritum
1077 3087 1236 3160 duceret.
1251 3084 1302 3150 Ser·

328 3221 514 3278 natusest
537 3201 759 3280 enimPanli
784 3203 908 3274 Piellae
937 3203 1093 3296 modici,
1119 3222 1158 3278 et
1169 3194 1303 3294 chirurgi

328 3319 858 3420 experientissimidiligeutia.
880 3322 1002 3412 Quem
1024 3345 1116 3422 ego,
1137 3311 1302 3394 nonmodo

331 3439 427 3512 alios
450 3441 518 3535 qui
547 3463 623 3510 una
653 3436 870 3528 adstabant,
888 3438 1050 3512 horrore
1068 3442 1228 3540 primum
1243 3453 1303 3532 per

330 3555 475 3644 cnlsos,
494 3571 531 3627 et
547 3555 595 3626 ab
617 3555 793 3644 insolito,
811 3556 1107 3658 miserandoque
1128 3531 1357 3658 spectaculo

332 3700 372 3748 ae
391 3687 607 3746 avertentes
622 3673 824 3805 conspexi,
852 3698 939 3750 cum
961 3675 1087 3750 statim
1117 3676 1163 3750 ab
1183 3679 1302 3768 accepto
1356 3707 1357 3762 ;

330 3793 488 3866 vulnere
516 3815 637 3890 puero
661 3791 702 3895 iu
728 3792 995 3868 nosocomium
1016 3792 1160 3886 delato,
1185 3795 1357 3866 eruanta

330 3911 414 4026 ejus
428 3907 541 3981 facies
551 3923 693 3982 retecta
709 3922 782 3998 cst,
800 3907 896 3984 adeo
909 3910 1079 4012 amplum
1094 3877 1357 4014 profundun-

318 4549 1357 4986 Ξ
