2928 4664
200 459 269 506 nne.
279 457 328 504 rx.
344 455 391 505 nr
401 456 538 506 nosris
550 418 748 525 entenic„
762 449 832 508 etc.
847 460 958 508 amsa.
976 461 1054 508 1111.
1084 433 1156 534 539

199 581 256 663 40.
283 578 411 648 sartor
435 599 555 648 annos
586 589 696 648 natus
720 577 871 674 viginti,
889 577 941 648 ob
961 572 1170 647 fortuitam‘

73 709 81 716 '
149 695 1156 794 nullinsmomenticansamabalienigcnavulneratus

150 829 207 886 est
222 816 397 912 ancipiti,
415 838 541 911 neque
554 828 716 911 angusto
738 814 859 885 cultro
877 815 923 884 ad
940 817 1050 884 imam
1070 837 1156 912 par-

151 945 227 1004 tem
252 932 377 1006 lateris
391 931 549 1020 dexteri,
571 932 728 1030 nequid
746 933 877 1006 sceleri
888 938 1052 1019 deesset,
1070 935 1155 1003 VIII

149 1045 224 1121 kal.
239 1051 368 1149 aprilis
384 1053 474 1124 anni
491 1057 593 1148 1742,
607 1075 684 1149 quo
699 1053 876 1122 nimirum
895 1052 955 1123 die
974 1071 1159 1123 resurrec-

150 1167 207 1238 tio
234 1169 433 1253 servatoris
461 1172 580 1242 nostri
611 1169 880 1242 celebrabatur.
917 1161 973 1240 Ab
1002 1183 1157 1266 accepto

66 1286 71 1296 '
151 1285 312 1360 uulnere
332 1312 411 1358 non
437 1289 581 1362 cecidit.
615 1288 687 1359 Sed
714 1289 895 1358 continuo
923 1287 962 1357 in
997 1309 1160 1358 nosoco-

153 1404 272 1474 mium
300 1404 405 1501 quod
436 1405 674 1503 longiuscule
698 1405 786 1476 inde
811 1405 958 1493 aberat,
990 1405 1159 1492 delatus,

156 1523 271 1594 invia
293 1525 461 1612 vomuit,
494 1523 665 1621 alvique,
696 1539 734 1596 et
759 1525 888 1596 vesica
922 1538 1160 1595 excrementa

154 1642 297 1712 emisit:
315 1641 482 1737 illucque
502 1642 675 1738 pervenit
691 1655 771 1712 toto
785 1643 860 1738 jam
879 1663 1040 1738 corpore
1055 1634 1162 1737 frigi-

156 1755 245 1846 dus,
264 1759 344 1828 sine
367 1757 526 1843 viribus,
554 1759 634 1828 sine
668 1757 840 1855 pulsibus
861 1775 926 1829 ant
949 1758 1006 1828 bis
1026 1756 1162 1828 obscu-

152 1874 327 1959 rissimis,
350 1878 412 1945 vix
438 1890 478 1945 ut
499 1897 636 1972 pancas
655 1876 737 1972 pius
760 1897 873 1946 voces
886 1872 1057 1973 proferre
1076 1897 1163 1972 pos-

153 2007 220 2066 set.
250 1995 346 2064 Cum
377 1995 529 2090 sanguis
554 1997 698 2090 engua·
712 1993 820 2090 copia
838 1991 1065 2090 proflueret,
1082 1994 1163 2064 vul·

152 2133 301 2208 nusque
337 2125 537 2209 propterca
568 2110 790 2196 dilatarent,
809 2111 924 2181 nihil
955 2113 1093 2184 sentire
1126 2135 1164 2182 se

153 2229 331 2302 ostendit.
348 2235 481 2326 Itaque
500 2245 584 2328 post
607 2228 761 2317 boram,
777 2245 839 2300 atat
859 2227 974 2326 paulo
988 2230 1164 2328 amplus,
1182 2229 1186 2246 ⁴

157 2345 206 2422 ab
235 2345 381 2418 inflicto
408 2347 585 2433 vulnere,
611 2347 692 2444 sine
728 2346 895 2445 spirandi
926 2343 1165 2426 difficultate,

154 2463 308 2562 ullaque
330 2466 523 2564 sanguinis
541 2489 610 2566 Res
628 2489 671 2536 os
683 2465 889 2561 ejectione,
908 2481 1084 2536 mortuus
1099 2479 1163 2541 est.

201 2583 368 2654 Cadaver
383 2581 524 2656 ibidem
536 2587 584 2653 VI
602 2580 803 2672 kalendas,
819 2599 856 2654 et
877 2605 942 2656 sex
960 2585 1165 2681 insequen-

152 2698 256 2770 tibus
276 2700 408 2772 diebus
420 2716 595 2773 accurate
612 2703 892 2800 -persecuimus,
914 2701 1059 2800 quippe
1076 2723 1166 2772 nos-

153 2816 221 2884 tris
236 2817 467 2910 aptissimum
478 2817 611 2890 studiis
621 2834 657 2890 et
672 2817 954 2916 magnitudine,
968 2833 1005 2890 et
1018 2817 1168 2905 babitu,

155 2953 270 3026 quem
290 2949 360 3000 nec
370 2924 551 3028 pinguem
563 2936 915 3030 possesdicere,nec
924 2935 1167 3006 macilentum

155 3048 495 3119 Hictantuurmodo
502 3073 583 3144 quae
595 3049 642 3131 ad
653 3050 790 3122 vulnus
801 3065 987 3149 spectant,
1000 3051 1168 3149 ctsiquid

156 3165 257 3237 aliud
272 3167 439 3238 occurrit
465 3180 600 3264 praeter
619 3169 939 3265 expectationem,
969 3165 1168 3238 adnotabi-

157 3307 252 3356 mus.
262 3283 943 3383 Abdomine,quodnequetumidum
955 3297 1169 3382 nequeten·
1197 3284 1199 3288 ⁴

108 3384 111 3388 ’
158 3427 240 3474 sum
259 3417 355 3492 erat,
377 3417 414 3474 et
431 3417 573 3474 tautam
589 3401 807 3474 continebat
826 3416 973 3492 tamen,
988 3415 1168 3500 quantam

157 3519 326 3592 dicemus
353 3521 545 3618 sanguinis
569 3522 739 3621 copiam,
767 3519 905 3607 inciso,
925 3535 962 3592 et
995 3519 1169 3608 diducto,

157 3637 292 3710 leviter
309 3621 466 3710 cruenta
486 3641 657 3712 omniurn
673 3641 859 3712 viscerum
879 3635 1097 3736 superficies
1108 3661 1171 3736 ap-

159 3757 297 3852 paruit.
317 3758 489 3848 Quorum
517 3756 787 3830 animadversis
804 3753 977 3844 sedibus,
994 3768 1032 3826 et
1051 3755 1092 3824 in
1111 3753 1170 3827 his
1245 3747 1248 3754 ⁴

157 3875 311 3962 omenti,
321 3875 520 3972 quodcum
534 3874 705 3950 adextris
715 3875 871 3972 oblique
882 3871 930 3944 ad
940 3872 1082 3944 ventris
1098 3897 1171 3944 me·

156 3989 258 4064 dium
277 3991 539 4096 descenderet,
559 4018 581 4066 a
600 3995 759 4068 sinistris
784 4015 935 4068 sursum
961 4005 1166 4065 retractum
