2812 4656
321 449 394 537 ι84
487 473 535 520 ιιι
560 471 708 520 sannas
733 471 778 518 ar
803 469 929 520 cansts
954 469 1168 520 uonnoruu
1205 477 1210 486 ·

319 609 399 656 non
420 580 573 656 difficile
601 582 807 682 perducto,
834 584 886 655 ita
914 584 1128 673 convaluit,
1155 598 1199 656 ut
1226 585 1333 662 nullo

320 701 454 774 exinde
472 699 633 790 morbo,
660 701 765 800 quod
802 701 939 790 sciam,
967 717 1166 801 correptus
1196 700 1333 776 firerit:

320 818 414 892 adeo
434 820 474 890 in
496 817 683 892 medicina
707 817 794 891 felix
814 843 1092 917 nonnunquam
1115 835 1172 892 est
1195 833 1335 918 praeter
1398 807 1399 840 l

319 939 505 1012 rationem
521 933 698 1008 audacia!

369 1060 426 1154 47.
447 1053 561 1146 Quod
586 1053 634 1126 ad
654 1077 772 1152 genus
795 1067 992 1126 tumorum
1011 1068 1253 1152 spectarent,
1278 1055 1335 1134 vel

317 1173 467 1272 potius,
490 1172 521 1244 si
539 1171 675 1244 mulier
702 1171 844 1244 diutius
870 1171 1043 1260 vixisset,
1072 1187 1248 1270 spectare
1268 1197 1333 1272 po·

317 1291 477 1364 tuissent
493 1288 667 1361 duriores
683 1312 791 1387 aequo
808 1312 1060 1361 mammarum
1076 1303 1222 1388 partes,
1243 1315 1335 1388 quas
1399 1305 1400 1322 ¹

318 1405 444 1492 fusco,
461 1405 590 1491 viridi,
608 1421 690 1478 atro
702 1407 862 1480 humore
882 1425 1076 1505 expresse,
1090 1409 1199 1496 satis,
1216 1423 1266 1480 ut
1282 1412 1334 1480 vi·

319 1523 526 1612 debentur,
545 1547 652 1596 sanas
663 1525 789 1624 reperi
802 1526 842 1596 in
860 1549 903 1596 ea
918 1503 1144 1598 dissectione
1158 1551 1248 1622 quae
1269 1526 1335 1598 tibi

321 1641 507 1739 descripta
525 1656 580 1714 est
592 1641 760 1740 Epistola
774 1644 874 1729 XXI,
887 1666 924 1710 n.
937 1645 996 1739 47,
1009 1665 1089 1714 non
1102 1639 1209 1712 facile
1230 1641 1335 1714 dixe·

319 1759 404 1836 rim.
424 1759 500 1832 Etsi
519 1761 620 1831 enim
636 1775 806 1832 tumores
826 1757 911 1831 illos
927 1773 1020 1831 tunc
1038 1757 1178 1831 referre
1202 1784 1334 1858 posses

228 1897 230 1909 ¹
319 1879 367 1950 ad
394 1904 488 1950 eum
510 1877 691 1951 duntaxat
718 1876 944 1968 humorem,
977 1874 1144 1950 laetifera
1172 1879 1333 1950 .vascula

318 1995 617 2085 distendentem‚
633 2011 760 2067 tamen
779 1993 967 2091 ejusmodi
998 1993 1201 2068 humorem
1234 1995 1331 2069 adeo

318 2115 366 2188 ab
380 2131 522 2188 naturae
535 2140 670 2186 norma
689 2114 854 2186 alienum
869 2136 949 2184 non
969 2111 1115 2212 aliquos
1136 2097 1265 2212 prailae
1284 2116 1332 2185 in·

318 2233 415 2306 dolis
439 2249 608 2308 tumores
638 2231 819 2304 diuturna
846 2255 953 2302 mora
981 2228 1094 2304 fuisse
1125 2229 1330 2321 facturum,
1401 2265 1402 2298 l

319 2352 405 2449 quis
423 2349 613 2424 affirmare
626 2374 697 2449 pro
714 2363 817 2421 certo
831 2350 972 2448 possit?
982 2349 1161 2434 Mulieres
1173 2349 1329 2447 quidem

319 2469 394 2567 legi
410 2468 456 2539 ab
474 2469 625 2540 Riverio
636 2466 711 2566 (1),
726 2482 763 2539 et
774 2471 952 2540 Lanzono
967 2465 1025 2563 (a)
1036 2467 1150 2556 visas,
1164 2492 1329 2564 quarum

320 2611 340 2657 e
361 2587 534 2658 mammis
546 2585 602 2656 lac
614 2581 735 2657 viride
750 2585 894 2672 exibat,
915 2584 1008 2657 duas
1023 2600 1149 2657 autem
1168 2584 1211 2656 in
1232 2585 1327 2685 Eph.

317 2705 399 2797 Nat.
416 2706 500 2774 Cur.
514 2701 585 2801 (3),
599 2718 635 2774 et
652 2703 691 2772 in
705 2704 942 2776 Commercio
957 2695 1154 2804 Litterario
1170 2701 1228 2806 (4)
1251 2729 1329 2776 rue·

320 2836 504 2909 moratas,
528 2845 690 2918 quarum
705 2821 822 2894 altera
842 2821 901 2893 lac
920 2819 1083 2894 habebat
1101 2823 1141 2892 ni
1169 2847 1275 2912 rum,
1296 2836 1329 2896 et

319 2939 480 3010 maxime
498 2937 669 3028 acidum,
696 2937 983 3027 alternantem,
1009 2847 1326 3038 quotiehmque

317 3055 449 3145 vellet,
478 3058 687 3155 exprimere
719 3072 868 3154 poterat
896 3081 942 3128 ex
971 3072 1134 3154 utraque
1166 3081 1326 3129 mamma

318 3174 501 3273 liquidum
519 3173 679 3272 aliquod
697 3179 867 3272 spissius,
887 3173 1024 3245 eoloris
1041 3174 1152 3271 longe
1175 3179 1325 3272 nigerri-

318 3297 384 3379 mi,
397 3290 502 3389 quod
517 3291 639 3362 linteo
665 3305 868 3387 exceptum,
884 3291 983 3364 intra
998 3289 1111 3364 horas
1130 3299 1179 3380 ι4
1193 3293 1251 3382 ad
1262 3299 1325 3363 ins·

275 3455 276 3458 =
320 3426 381 3480 tar
390 3416 565 3508 aeruginis
580 3409 705 3483 viride
718 3409 917 3500 evadebat,
941 3409 1146 3510 simulque,
1164 3431 1208 3484 ut
1222 3413 1323 3487 vide-

422 3731 506 3787 Cent.
521 3747 559 3800 a,
573 3730 639 3788 obs.
651 3731 757 3788 medic.
771 3749 840 3788 100.

421 3829 627 3886 Animadvers.
640 3848 704 3886 rar.
715 3830 755 3887 ad
767 3829 874 3888 medic.
888 3840 943 3886 etc.
958 3825 1024 3886 125.

419 3931 492 3986 Deo.
506 3949 541 4000 a,
559 3932 598 3992 A.
612 3935 644 4000 4,
660 3931 790 4004 append.
806 3947 836 3986 n.
850 3927 885 4002 5,
902 3927 1013 3986 XLIII.

371 4029 402 4106 4)
422 4032 471 4086 An
489 4029 580 4102 1734,
594 4030 686 4090 hebd.
702 4049 733 4104 1,
747 4049 780 4088 n.
797 4049 825 4087 1.
