2854 4660
314 447 387 520 366
486 471 532 516 ua
559 469 705 517 sturnus
730 469 774 515 ur
799 463 924 515 causrs
948 467 1162 517 uonaonuir

237 583 239 588 ’
313 599 368 656 est
385 597 624 655 commutata.
645 585 747 653 Ossis
766 583 826 653 illa
842 583 968 680 portio
985 609 1068 681 quae
1086 585 1134 657 ab
1158 587 1325 684 reliquo,

311 703 567 802 percussionis
577 701 614 769 vi
629 700 983 787 recesserat‚valide
992 701 1210 774 adherebat
1225 704 1325 776 durae

311 821 501 917 meningi,
522 818 575 888 ibi
597 817 729 887 leviter
748 818 995 888 inflammatae.
1016 824 1121 892 Inter
1147 821 1269 909 hano,
1293 839 1326 894 et

311 939 414 1036 piam
434 949 513 1007 erat
530 934 670 1005 humor
684 937 869 1023 crassitie,
886 951 922 1005 et
934 936 1063 1006 colore
1079 961 1165 1008 sero
1185 940 1323 1011 similis.

310 1061 447 1125 Praeter
468 1078 548 1151 quae
563 1055 662 1122 intra
680 1056 850 1122 cranium
870 1051 964 1121 nihil
980 1052 1230 1128 adnotatione
1250 1058 1325 1155 dig·
1371 1039 1375 1047 ¹

310 1195 403 1244 num
422 1173 617 1240 inventum
640 1185 704 1240 est.

361 1289 418 1361 33.
436 1289 573 1358 Mulier
599 1286 730 1358 eadem
744 1288 893 1356 circiter
913 1303 1039 1375 aetate,
1060 1291 1325 1363 contundeute

310 1408 477 1508 quodam
501 1429 662 1502 corpore
679 1405 900 1476 vulneratur
913 1430 1026 1504 supra
1045 1381 1246 1479 sinistrum
1266 1433 1325 1481 su-

309 1526 520 1626 percilium.
541 1524 598 1594 Ab
618 1525 695 1594 ictu
712 1523 849 1610 vomit,
871 1539 907 1594 et
929 1524 1078 1621 stupida
1107 1523 1160 1596 fit.
1187 1532 1327 1626 Stupor

309 1660 435 1716 tamen
469 1655 555 1740 post
572 1641 727 1738 aliquod
755 1657 906 1738 tempus
928 1641 1151 1732 discutitur,
1187 1669 1325 1742 resque

309 1761 468 1834 feliciter
499 1758 706 1858 procedere
748 1758 928 1857 chirurgo
975 1760 1148 1846 videtur,
1202 1763 1327 1836 donec

310 1882 436 1980 elapso
469 1879 618 1951 decimo
638 1877 870 1966 die,'dolore
898 1879 1055 1949 sinistra,³
1079 1881 1185 1952 auris
1209 1884 1325 1952 corri-

310 2003 413 2100 pitur
428 2023 514 2071 cum
533 1997 717 2084 horrore,
734 2011 771 2067 et
792 1993 956 2093 frigore,
986 1998 1089 2094 quod
1109 1999 1218 2068 calor
1234 2003 1326 2072 exci·

308 2124 374 2219 pit.
396 2116 563 2190 Tandem
591 2113 859 2185 accedentibus
881 2116 997 2186 totius
1022 2119 1198 2213 corporis
1231 2141 1324 2189 con·
1419 2123 1420 2148 ³

308 2236 544 2310 vulsionibus
563 2235 661 2304 intra
680 2257 823 2330 paucos
840 2233 922 2304 obit
939 2235 1028 2304 dies.
1056 2239 1108 2306 Os
1125 2237 1219 2306 ictui
1241 2238 1325 2309 sub·

305 2359 447 2454 jectum
478 2354 691 2425 acuminata
713 2351 851 2422 lamina
875 2351 1074 2422 cerebrum
1096 2353 1323 2427 vulnerave—
1418 2429 1419 2454 q

305 2462 390 2547 rat:
420 2472 526 2571 quod
566 2485 768 2570 propterea
812 2473 1003 2541 saniosum
1045 2470 1098 2541 ibi
1140 2490 1250 2560 erat,
1290 2489 1323 2546 et
1418 2505 1419 2522 ¹

307 2605 540 2689 corruptum.
561 2589 634 2660 Sed
653 2613 872 2686 quanquam
889 2589 1022 2660 vitium
1036 2590 1148 2662 altius
1167 2591 1323 2665 descen·

308 2709 435 2795 derat,
462 2707 695 2778 ventriculos
717 2721 844 2778 tamen
870 2729 948 2776 uon
981 2707 1202 2806 attingebat.
1234 2717 1322 2783 Pars
1418 2731 1419 2770 ³

306 2827 421 2900 saniei
440 2825 487 2896 ad
506 2825 625 2897 basim
636 2823 782 2896 cerebri
792 2824 892 2894 circa
902 2825 1317 2904 nonnullanervorum

304 2946 408 3045 paria
426 2942 644 3015 defluxerat.

355 3063 412 3151 34.
429 3063 577 3135 Mulieri
607 3083 795 3130 annorum
824 3059 976 3155 triginta
1001 3077 1114 3158 caput
1141 3062 1321 3159 pluribus

302 3179 491 3281 lapidibus
512 3201 735 3276 percussum
752 3173 888 3263 luerat,
907 3175 1093 3274 languore
1120 3178 1249 3266 illico,
1284 3197 1319 3254 et

302 3303 448 3372 vomitu
480 3321 549 3398 per
579 3297 708 3394 plures
747 3295 826 3366 dies
858 3311 1126 3392 consequente.
1166 3299 1318 3370 Vulnus

302 3437 427 3491 tamen
446 3417 585 3487 exitum
600 3441 677 3484 non
695 3410 883 3484 infelicem
897 3414 1086 3510 spondere
1099 3413 1313 3488 videbatur.

301 3542 443 3608 Verum
463 3534 558 3602 circa
584 3533 683 3602 diem
709 3531 899 3602 decimum
922 3529 1026 3603 febre
1054 3524 1143 3602 cum
1172 3531 1314 3634 frigore

301 3651 612 3751 superveniente,
641 3673 769 3750 arens,
796 3665 832 3719 et
856 3634 1038 3746 pallidum
1070 3647 1212 3722 factum
1248 3668 1310 3724 est.

298 3773 364 3843 His
382 3770 535 3841 accessit
554 3768 751 3852 delirium,
780 3766 885 3864 quod
903 3770 943 3836 in
962 3791 1183 3865 soporosam
1199 3768 1311 3842 alsec-
1417 3779 1418 3838 Ξ

299 3892 441 3961 tionem
460 3888 598 3959 sensim
620 3885 871 3983 degeneravit.
894 3888 978 3954 Haec
991 3909 1127 3983 aegram
1144 3887 1309 3985 denique

300 4007 448 4078 sustulit
466 4008 565 4076 circa
584 4003 685 4073 diem
704 4003 927 4101 vigesimum
943 4003 1120 4102 primum.
1134 4009 1179 4076 In
1193 4005 1307 4077 cranii
