2828 4652
138 412 209 462 mn.
221 412 271 460 rv.
282 407 681 476 nnuoumscnmnnu,
697 397 766 458 etc.
781 413 998 464 nr1sr.xt1x.
1031 391 1094 470 16l

86 541 201 600 erant
220 524 396 598 distincti.
422 522 636 596 Pericardio
654 549 805 622 parum,
826 541 889 598 aut
915 529 1010 601 nihil
1028 528 1102 604 seri

83 647 222 716 inerat.
248 641 407 740 Sanguis
425 643 466 712 in
481 641 557 712 hoc
576 640 756 714 cadavere
785 660 865 716 erat
896 645 1100 721 admodum

88 785 297 850 coenosus,
333 761 373 830 in
400 757 526 832 cordis
554 771 679 830 autent
711 761 930 835 ventriculis
963 790 1102 864 coagu-

84 879 200 951 latus.
947 895 952 926 ἲ

109 1049 115 1066 ,
141 995 176 1068 3;
198 995 282 1067 Sive
311 993 451 1065 lentam
473 991 629 1081 febrim,
653 993 729 1066 sive
760 995 963 1094 malignam
988 997 1100 1076 luisse

88 1114 248 1202 credas,
269 1127 371 1184 certe
390 1136 474 1210 quae
488 1135 556 1211 per
570 1111 834 1186 dissectionem
849 1131 997 1214 reperta
1017 1135 1105 1192 sunt

87 1247 228 1333 praeter
246 1245 437 1318 naturam,
456 1232 497 1300 in
522 1227 603 1300 aliis
629 1255 785 1328 quoque
812 1231 915 1315 haud
935 1257 1020 1306 raro
1038 1261 1105 1308 oc·

90 1365 275 1438 currunt,
299 1350 367 1447 qui
392 1345 520 1445 neque
542 1347 729 1444 ejusmodi
745 1353 1008 1448 aegrotatione,
1036 1379 1105 1427 ne-

89 1495 167 1568 que
178 1469 385 1568 prasertim
396 1466 584 1563 ejusmodi
597 1492 734 1566 genere
752 1471 884 1541 mortis
897 1470 1104 1544 absumunss

89 1602 165 1659 tur.
193 1589 281 1658 Non
306 1587 357 1656 ita
385 1609 480 1684 saepe
511 1584 648 1656 accidit
657 1591 667 1674 ',
691 1600 733 1658 ut
757 1587 797 1656 in
819 1587 934 1660 corde
960 1592 1041 1688 ipso
1063 1603 1107 1664 ea‘

92 1705 381 1805 conspiciantur
394 1727 478 1802 quae
491 1703 717 1776 Valsalvain
729 1706 971 1802 puerovidit,
989 1733 1106 1806 quem
1159 1786 1162 1792 ,

89 1821 259 1912 hectica,
276 1823 436 1920 opinor,
454 1819 568 1893 febris
583 1823 752 1908 sustulit,
768 1848 988 1922 quanquam
1004 1851 1105 1898 non-

90 1941 196 2015 nulla
221 1955 309 2012 sunt
335 1965 417 2038 quae
440 1942 480 2010 in
499 1941 664 2028 vivente,
686 1955 723 2010 et
737 1937 902 2036 ufortasse
923 1945 1034 2014 etiam
1063 1946 1104 2015 in

91 2074 249 2132 mortuo
268 2057 430 2147 fuerint,
451 2081 500 2128 an
520 2083 599 2128 non
610 2111 620 2146 ,
633 2057 728 2129 scire
743 2081 862 2128 aveas.
879 2093 882 2099 ¹

143 2184 177 2268 4.
194 2181 291 2250 Puer
305 2157 465 2274 'qiridam
479 2176 598 2246 macie
616 2172 820 2246 conlectus
831 2173 934 2247 obiit.
954 2179 1030 2248 Cor
1046 2202 1108 2249 va·

51 2343 58 2362 .
92 2295 170 2368 lide
190 2319 277 2368 cum
292 2293 505 2392 pericardio
528 2292 769 2366 nectebatur:
797 2317 873 2390 quo
892 2294 1003 2364 simul
1019 2319 1107 2367 cum

94 2411 329 2512 pinguedine
361 2425 554 2510 separato,
589 2432 658 2508 per
690 2393 847 2480 ‘omnem
876 2414 1111 2486 exteriorem

93 2531 358 2604 musculorum
383 2529 508 2602 cordis
529 2526 661 2602 faciem
682 2527 854 2626 quaedam
874 2533 1011 2626 passim
1030 2531 1111 2604 dis-¹

91 2650 193 2746 jecta
210 2647 334 2720 albida
351 2669 513 2746 corpora
528 2646 793 2720 cernebantur.
821 2651 965 2718 Horum
987 2648 1111 2745 plera³

96 2791 171 2863 que
214 2763 358 2863 figura,
398 2764 679 2863 magnitudine,
710 2765 838 2836 colore
873 2789 988 2862 parva
1015 2767 1110 2838 milii

95 2907 213 2982 grana
249 2879 486 2955 referebant:
524 2881 710 2954 nonnulla
743 2868 867 2954 autem
903 2897 1011 2954 erant
1040 2885 1113 2955 ali-¹

96 3016 244 3100 quanto
258 3001 420 3097 majora,
436 2997 558 3100 figura
572 2999 759 3073 abnormi.
775 3001 846 3070 Per
862 2998 1107 3098 diaphragma

96 3118 400 3218 lymphaeductus
413 3120 500 3190 satis
510 3115 710 3190 manifesto
731 3115 973 3216 apparebant.

148 3235 182 3309 5.
211 3235 283 3308 Sed
309 3237 387 3333 jam
406 3235 454 3307 ad
484 3259 527 3308 ea
556 3251 816 3321 transeamus,
848 3258 930 3330 quae
949 3233 1049 3305 idem
1068 3236 1108 3306 in

98 3353 223 3426 tribus
240 3351 389 3426 feminis
409 3353 642 3442 observavit,
666 3351 713 3423 ad
741 3350 843 3424 aliud
862 3347 1025 3423 febrium
1046 3379 1110 3452 ge·

99 3497 171 3544 nus
187 3472 395 3544 attinentia.

149 3589 184 3662 6.
213 3591 382 3670 Mulieris
407 3613 595 3661 annorum
624 3588 799 3686 triginta,
821 3591 1118 3685 temperamenti

100 3705 252 3795 biliosi,
273 3707 415 3806 duplici
426 3705 530 3780 febre
543 3707 701 3778 tertiana
711 3706 787 3802 jam
803 3703 869 3774 diu
887 3703 1112 3796 laborantis,

101 3824 294 3897 abdomen
308 3825 442 3897 baculo
457 3848 677 3924 percussum
688 3838 752 3896 est.
766 3827 927 3919 Excepta
937 3823 977 3892 in
989 3825 1022 3892 S.
1035 3825 1110 3892 Ma·

103 3943 166 4014 riae
185 3943 233 4018 de
252 3945 329 4020 vita
354 3944 637 4033 nosocomium,
667 3940 715 4014 dc
738 3931 957 4014 abdominis
977 3939 1115 4038 dolore

178 4061 214 4133 6.
922 4081 960 4128 11
