<?xml version="1.0" encoding="UTF-8"?>
<!DOCTYPE html PUBLIC "-//W3C//DTD XHTML 1.0 Transitional//EN"
    "http://www.w3.org/TR/xhtml1/DTD/xhtml1-transitional.dtd">
<html xmlns="http://www.w3.org/1999/xhtml" xml:lang="en" lang="en">
 <head>
  <title>
</title>
<meta http-equiv="Content-Type" content="text/html;charset=utf-8" />
  <meta name='ocr-system' content='tesseract 3.04.00' />
  <meta name='ocr-capabilities' content='ocr_page ocr_carea ocr_par ocr_line ocrx_word'/>
</head>
<body>
  <div class='ocr_page' id='page_1' title='image "./desedibusetcaus03adelgoog_0610.png"; bbox 0 0 2816 5282; ppageno 0'>
   <div class='ocr_carea' id='block_1_1' title="bbox 305 406 1141 498">
    <p class='ocr_par' dir='ltr' id='par_1_1' title="bbox 305 406 1141 498">
     <span class='ocr_line' id='line_1_1' title="bbox 305 406 1141 498; baseline -0.006 -19"><span class='ocrx_word' id='word_1_1' title='bbox 305 406 376 498; x_wconf 76' lang='grc'><strong>614</strong></span> <span class='ocrx_word' id='word_1_2' title='bbox 475 427 694 475; x_wconf 73' lang='lat' dir='ltr'><strong>nasamone</strong></span> <span class='ocrx_word' id='word_1_3' title='bbox 720 429 763 474; x_wconf 77' lang='lat' dir='ltr'><strong>cr</strong></span> <span class='ocrx_word' id='word_1_4' title='bbox 789 427 913 475; x_wconf 77' lang='lat' dir='ltr'><strong>causis</strong></span> <span class='ocrx_word' id='word_1_5' title='bbox 940 429 1141 475; x_wconf 78' lang='lat' dir='ltr'><strong>morannum</strong></span> 
     </span>
    </p>
   </div>
   <div class='ocr_carea' id='block_1_2' title="bbox 254 531 1288 3601">
    <p class='ocr_par' dir='ltr' id='par_1_2' title="bbox 254 531 1288 3601">
     <span class='ocr_line' id='line_1_2' title="bbox 308 531 1269 641; baseline 0 -30"><span class='ocrx_word' id='word_1_6' title='bbox 308 550 369 614; x_wconf 83' lang='lat' dir='ltr'><strong>vix</strong></span> <span class='ocrx_word' id='word_1_7' title='bbox 385 543 462 613; x_wconf 82' lang='lat' dir='ltr'><strong>haec</strong></span> <span class='ocrx_word' id='word_1_8' title='bbox 477 558 584 614; x_wconf 88' lang='lat' dir='ltr'><strong>erant</strong></span> <span class='ocrx_word' id='word_1_9' title='bbox 598 531 793 636; x_wconf 82' lang='lat' dir='ltr'><strong>consecuti</strong></span> <span class='ocrx_word' id='word_1_10' title='bbox 805 533 914 629; x_wconf 75' lang='lat' dir='ltr'><strong>,cum</strong></span> <span class='ocrx_word' id='word_1_11' title='bbox 934 567 1021 614; x_wconf 89' lang='lat' dir='ltr'><strong>ecoe</strong></span> <span class='ocrx_word' id='word_1_12' title='bbox 1036 537 1102 615; x_wconf 90' lang='lat' dir='ltr'><strong>tibi</strong></span> <span class='ocrx_word' id='word_1_13' title='bbox 1115 545 1269 641; x_wconf 87' lang='lat' dir='ltr'><strong>ipsoquar-</strong></span> 
     </span>
     <span class='ocr_line' id='line_1_3' title="bbox 309 653 1270 758; baseline -0.002 -26"><span class='ocrx_word' id='word_1_14' title='bbox 309 678 350 732; x_wconf 92' lang='lat' dir='ltr'><strong>to</strong></span> <span class='ocrx_word' id='word_1_15' title='bbox 374 657 521 731; x_wconf 90' lang='lat' dir='ltr'><strong>decimo</strong></span> <span class='ocrx_word' id='word_1_16' title='bbox 535 681 582 730; x_wconf 85' lang='lat' dir='ltr'><strong>ex</strong></span> <span class='ocrx_word' id='word_1_17' title='bbox 611 682 687 757; x_wconf 88' lang='lat' dir='ltr'><strong>quo</strong></span> <span class='ocrx_word' id='word_1_18' title='bbox 708 661 847 758; x_wconf 81' lang='lat' dir='ltr'>digitus</span> <span class='ocrx_word' id='word_1_19' title='bbox 873 653 1059 734; x_wconf 81' lang='lat' dir='ltr'><strong>sauciatus</strong></span> <span class='ocrx_word' id='word_1_20' title='bbox 1079 661 1200 746; x_wconf 83' lang='lat' dir='ltr'><strong>fuerat,</strong></span> <span class='ocrx_word' id='word_1_21' title='bbox 1229 659 1270 730; x_wconf 86' lang='lat' dir='ltr'><strong>die</strong></span> 
     </span>
     <span class='ocr_line' id='line_1_4' title="bbox 310 769 1271 877; baseline -0.002 -27"><span class='ocrx_word' id='word_1_22' title='bbox 310 780 533 877; x_wconf 84' lang='lat' dir='ltr'><strong>repentinus</strong></span> <span class='ocrx_word' id='word_1_23' title='bbox 556 793 701 850; x_wconf 87' lang='lat' dir='ltr'><strong>tremor</strong></span> <span class='ocrx_word' id='word_1_24' title='bbox 725 800 745 849; x_wconf 88' lang='lat' dir='ltr'><strong>a</strong></span> <span class='ocrx_word' id='word_1_25' title='bbox 774 778 949 877; x_wconf 87' lang='lat' dir='ltr'><strong>pedibus,</strong></span> <span class='ocrx_word' id='word_1_26' title='bbox 972 804 1062 868; x_wconf 87' lang='lat' dir='ltr'><strong>mox</strong></span> <span class='ocrx_word' id='word_1_27' title='bbox 1089 807 1119 851; x_wconf 87' lang='lat' dir='ltr'><strong>a</strong></span> <span class='ocrx_word' id='word_1_28' title='bbox 1138 769 1271 850; x_wconf 81' lang='lat' dir='ltr'><strong>manibus</strong></span> 
     </span>
     <span class='ocr_line' id='line_1_5' title="bbox 312 881 1272 996; baseline -0.002 -28"><span class='ocrx_word' id='word_1_29' title='bbox 312 911 480 986; x_wconf 83' lang='lat' dir='ltr'><strong>coortus,</strong></span> <span class='ocrx_word' id='word_1_30' title='bbox 498 881 662 994; x_wconf 80' lang='lat' dir='ltr'><strong>indeque</strong></span> <span class='ocrx_word' id='word_1_31' title='bbox 681 899 816 969; x_wconf 86' lang='lat' dir='ltr'><strong>sensim</strong></span> <span class='ocrx_word' id='word_1_32' title='bbox 843 921 914 996; x_wconf 83' lang='lat' dir='ltr'><strong>per</strong></span> <span class='ocrx_word' id='word_1_33' title='bbox 938 901 1150 972; x_wconf 87' lang='lat' dir='ltr'><strong>universum</strong></span> <span class='ocrx_word' id='word_1_34' title='bbox 1170 919 1272 994; x_wconf 84' lang='lat' dir='ltr'><strong>corpus</strong></span> 
     </span>
     <span class='ocr_line' id='line_1_6' title="bbox 312 1014 1274 1116; baseline -0.004 -31"><span class='ocrx_word' id='word_1_35' title='bbox 312 1027 557 1114; x_wconf 86' lang='lat' dir='ltr'><strong>propagatus,</strong></span> <span class='ocrx_word' id='word_1_36' title='bbox 569 1017 754 1113; x_wconf 85' lang='lat' dir='ltr'><strong>virginem</strong></span> <span class='ocrx_word' id='word_1_37' title='bbox 765 1017 940 1116; x_wconf 79' lang='lat' dir='ltr'>corripit,</span> <span class='ocrx_word' id='word_1_38' title='bbox 954 1017 1204 1115; x_wconf 85' lang='lat' dir='ltr'>periculosam,</span> <span class='ocrx_word' id='word_1_39' title='bbox 1215 1014 1274 1084; x_wconf 89' lang='lat' dir='ltr'><strong>lon-</strong></span> 
     </span>
     <span class='ocr_line' id='line_1_7' title="bbox 316 1131 1274 1232; baseline -0.003 -30"><span class='ocrx_word' id='word_1_40' title='bbox 316 1157 477 1231; x_wconf 85' lang='lat' dir='ltr'><strong>gamque</strong></span> <span class='ocrx_word' id='word_1_41' title='bbox 514 1153 720 1232; x_wconf 85' lang='lat' dir='ltr'>syncopem</span> <span class='ocrx_word' id='word_1_42' title='bbox 737 1131 924 1206; x_wconf 82' lang='lat' dir='ltr'><strong>afferens:</strong></span> <span class='ocrx_word' id='word_1_43' title='bbox 955 1159 1033 1231; x_wconf 84' lang='lat' dir='ltr'><strong>qua·</strong></span> <span class='ocrx_word' id='word_1_44' title='bbox 1065 1135 1194 1222; x_wconf 84' lang='lat' dir='ltr'><strong>soluta,</strong></span> <span class='ocrx_word' id='word_1_45' title='bbox 1213 1157 1274 1201; x_wconf 88' lang='lat' dir='ltr'><strong>non</strong></span> 
     </span>
     <span class='ocr_line' id='line_1_8' title="bbox 315 1251 1277 1351; baseline -0.001 -31"><span class='ocrx_word' id='word_1_46' title='bbox 315 1265 516 1350; x_wconf 78' lang='lat' dir='ltr'><strong>propterea</strong></span> <span class='ocrx_word' id='word_1_47' title='bbox 527 1267 711 1324; x_wconf 88' lang='lat' dir='ltr'><strong>tremores</strong></span> <span class='ocrx_word' id='word_1_48' title='bbox 722 1254 965 1348; x_wconf 85' lang='lat' dir='ltr'><strong>quieverunt,</strong></span> <span class='ocrx_word' id='word_1_49' title='bbox 987 1251 1053 1326; x_wconf 86' lang='lat' dir='ltr'><strong>sed</strong></span> <span class='ocrx_word' id='word_1_50' title='bbox 1067 1251 1277 1351; x_wconf 82' lang='lat' dir='ltr'><strong>cumgemitu,</strong></span> 
     </span>
     <span class='ocr_line' id='line_1_9' title="bbox 316 1363 1279 1468; baseline -0.007 -25"><span class='ocrx_word' id='word_1_51' title='bbox 316 1383 353 1443; x_wconf 82' lang='lat' dir='ltr'><strong>e&#39;t</strong></span> <span class='ocrx_word' id='word_1_52' title='bbox 381 1370 508 1467; x_wconf 85' lang='lat' dir='ltr'><strong>aliquo</strong></span> <span class='ocrx_word' id='word_1_53' title='bbox 537 1370 729 1442; x_wconf 89' lang='lat' dir='ltr'><strong>interdum</strong></span> <span class='ocrx_word' id='word_1_54' title='bbox 760 1363 908 1443; x_wconf 87' lang='lat' dir='ltr'><strong>ululatu</strong></span> <span class='ocrx_word' id='word_1_55' title='bbox 939 1373 1155 1468; x_wconf 82' lang='lat' dir='ltr'><strong>conjuncti,</strong></span> <span class='ocrx_word' id='word_1_56' title='bbox 1187 1370 1279 1466; x_wconf 88' lang='lat' dir='ltr'><strong>plures</strong></span> 
     </span>
     <span class='ocr_line' id='line_1_10' title="bbox 316 1483 1278 1588; baseline -0.001 -30"><span class='ocrx_word' id='word_1_57' title='bbox 316 1490 561 1588; x_wconf 84' lang='lat' dir='ltr'><strong>perstiterunt</strong></span> <span class='ocrx_word' id='word_1_58' title='bbox 578 1488 708 1574; x_wconf 74' lang='lat' dir='ltr'><strong>horas,</strong></span> <span class='ocrx_word' id='word_1_59' title='bbox 727 1483 851 1562; x_wconf 84' lang='lat' dir='ltr'><strong>donec</strong></span> <span class='ocrx_word' id='word_1_60' title='bbox 865 1493 1004 1588; x_wconf 85' lang='lat' dir='ltr'><strong>apertis</strong></span> <span class='ocrx_word' id='word_1_61' title='bbox 1018 1491 1167 1564; x_wconf 84' lang='lat' dir='ltr'><strong>tandem</strong></span> <span class='ocrx_word' id='word_1_62' title='bbox 1178 1487 1278 1570; x_wconf 79' lang='lat' dir='ltr'><strong>oculis,</strong></span> 
     </span>
     <span class='ocr_line' id='line_1_11' title="bbox 319 1605 1279 1704; baseline -0.006 -26"><span class='ocrx_word' id='word_1_63' title='bbox 319 1622 355 1678; x_wconf 88' lang='lat' dir='ltr'><strong>et</strong></span> <span class='ocrx_word' id='word_1_64' title='bbox 367 1607 484 1676; x_wconf 85' lang='lat' dir='ltr'><strong>laxata</strong></span> <span class='ocrx_word' id='word_1_65' title='bbox 503 1629 584 1703; x_wconf 86' lang='lat' dir='ltr'><strong>quae</strong></span> <span class='ocrx_word' id='word_1_66' title='bbox 600 1605 646 1676; x_wconf 90' lang='lat' dir='ltr'><strong>ad</strong></span> <span class='ocrx_word' id='word_1_67' title='bbox 662 1609 895 1704; x_wconf 85' lang='lat' dir='ltr'><strong>superiorem</strong></span> <span class='ocrx_word' id='word_1_68' title='bbox 917 1608 1095 1681; x_wconf 85' lang='lat' dir='ltr'><strong>adstricta</strong></span> <span class='ocrx_word' id='word_1_69' title='bbox 1109 1623 1198 1696; x_wconf 81' lang='lat' dir='ltr'><strong>erat,</strong></span> <span class='ocrx_word' id='word_1_70' title='bbox 1214 1605 1258 1674; x_wconf 86' lang='lat' dir='ltr'><strong>inl</strong></span> <span class='ocrx_word' id='word_1_71' title='bbox 1268 1643 1279 1656; x_wconf 92' lang='lat'><em>-</em></span> 
     </span>
     <span class='ocr_line' id='line_1_12' title="bbox 318 1725 1280 1826; baseline -0.004 -30"><span class='ocrx_word' id='word_1_72' title='bbox 318 1726 419 1797; x_wconf 87' lang='lat' dir='ltr'><strong>riore</strong></span> <span class='ocrx_word' id='word_1_73' title='bbox 430 1726 578 1797; x_wconf 77' lang='lat' dir='ltr'><strong>maxilla</strong></span> <span class='ocrx_word' id='word_1_74' title='bbox 591 1726 684 1798; x_wconf 87' lang='lat' dir='ltr'><strong>adse</strong></span> <span class='ocrx_word' id='word_1_75' title='bbox 701 1727 861 1813; x_wconf 84' lang='lat' dir='ltr'><strong>rediret,</strong></span> <span class='ocrx_word' id='word_1_76' title='bbox 874 1729 1044 1798; x_wconf 85' lang='lat' dir='ltr'><strong>omnium</strong></span> <span class='ocrx_word' id='word_1_77' title='bbox 1054 1751 1136 1826; x_wconf 84' lang='lat' dir='ltr'><strong>quae</strong></span> <span class='ocrx_word' id='word_1_78' title='bbox 1146 1725 1207 1798; x_wconf 89' lang='lat' dir='ltr'><strong>sibi</strong></span> <span class='ocrx_word' id='word_1_79' title='bbox 1218 1747 1280 1795; x_wconf 89' lang='lat' dir='ltr'><strong>cor·</strong></span> 
     </span>
     <span class='ocr_line' id='line_1_13' title="bbox 319 1833 1282 1942; baseline -0.006 -26"><span class='ocrx_word' id='word_1_80' title='bbox 319 1846 509 1942; x_wconf 86' lang='lat' dir='ltr'><strong>tigisse&#39;n&#39;t,</strong></span> <span class='ocrx_word' id='word_1_81' title='bbox 525 1867 680 1942; x_wconf 90' lang='lat' dir='ltr'><strong>prorsus</strong></span> <span class='ocrx_word' id='word_1_82' title='bbox 697 1833 836 1942; x_wconf 77' lang='lat' dir='ltr'><strong>ignara.</strong></span> <span class='ocrx_word' id='word_1_83' title='bbox 863 1839 969 1918; x_wconf 77' lang='lat' dir='ltr'><strong>Brevi</strong></span> <span class='ocrx_word' id='word_1_84' title='bbox 991 1864 1118 1918; x_wconf 88' lang='lat' dir='ltr'><strong>autem</strong></span> <span class='ocrx_word' id='word_1_85' title='bbox 1132 1845 1282 1940; x_wconf 86' lang='lat' dir='ltr'><strong>interjecta</strong></span> 
     </span>
     <span class='ocr_line' id='line_1_14' title="bbox 323 1949 1284 2060; baseline -0.004 -27"><span class='ocrx_word' id='word_1_86' title='bbox 323 1965 473 2060; x_wconf 84' lang='lat' dir='ltr'><strong>quiete,</strong></span> <span class='ocrx_word' id='word_1_87' title='bbox 509 1949 648 2036; x_wconf 88' lang='lat' dir='ltr'><strong>rursus</strong></span> <span class='ocrx_word' id='word_1_88' title='bbox 671 1953 805 2035; x_wconf 83' lang='lat' dir='ltr'><strong>eodem</strong></span> <span class='ocrx_word' id='word_1_89' title='bbox 842 1959 983 2036; x_wconf 81' lang='lat' dir='ltr'><strong>ordine¹</strong></span> <span class='ocrx_word' id='word_1_90' title='bbox 1005 1967 1150 2036; x_wconf 78' lang='lat' dir='ltr'><strong>omnia</strong></span> <span class='ocrx_word' id='word_1_91' title='bbox 1166 1975 1284 2034; x_wconf 88' lang='lat' dir='ltr'><strong>reverte·</strong></span> 
     </span>
     <span class='ocr_line' id='line_1_15' title="bbox 322 2073 1284 2179; baseline -0.004 -30"><span class='ocrx_word' id='word_1_92' title='bbox 322 2095 413 2151; x_wconf 90' lang='lat' dir='ltr'><strong>runt</strong></span> <span class='ocrx_word' id='word_1_93' title='bbox 430 2081 547 2152; x_wconf 90' lang='lat' dir='ltr'><strong>levius</strong></span> <span class='ocrx_word' id='word_1_94' title='bbox 566 2081 741 2179; x_wconf 86' lang='lat' dir='ltr'><strong>quidem,</strong></span> <span class='ocrx_word' id='word_1_95' title='bbox 762 2079 805 2155; x_wconf 85' lang='lat' dir='ltr'><strong>&#39;ct</strong></span> <span class='ocrx_word' id='word_1_96' title='bbox 822 2073 952 2154; x_wconf 57' lang='lat' dir='ltr'><strong>‘inulto</strong></span> <span class='ocrx_word' id='word_1_97' title='bbox 970 2082 1143 2168; x_wconf 83' lang='lat' dir='ltr'><strong>brevius,</strong></span> <span class='ocrx_word' id='word_1_98' title='bbox 1163 2079 1217 2153; x_wconf 83' lang='lat' dir='ltr'><strong>sed</strong></span> <span class='ocrx_word' id='word_1_99' title='bbox 1232 2100 1284 2149; x_wconf 88' lang='lat' dir='ltr'><strong>cre·</strong></span> 
     </span>
     <span class='ocr_line' id='line_1_16' title="bbox 322 2193 1285 2298; baseline -0.007 -28"><span class='ocrx_word' id='word_1_100' title='bbox 322 2194 395 2270; x_wconf 91' lang='lat' dir='ltr'><strong>bro</strong></span> <span class='ocrx_word' id='word_1_101' title='bbox 422 2199 516 2272; x_wconf 89' lang='lat' dir='ltr'><strong>adeo</strong></span> <span class='ocrx_word' id='word_1_102' title='bbox 542 2203 730 2286; x_wconf 81' lang='lat' dir='ltr'>vexantia,</span> <span class='ocrx_word' id='word_1_103' title='bbox 758 2193 1001 2298; x_wconf 74' lang='lat' dir='ltr'><strong>utqu&#39;otidic</strong></span> <span class='ocrx_word' id='word_1_104' title='bbox 1037 2201 1228 2285; x_wconf 80' lang='lat' dir='ltr'><strong>sexdecim,</strong></span> <span class='ocrx_word' id='word_1_105' title='bbox 1248 2208 1285 2266; x_wconf 83' lang='lat' dir='ltr'><strong>aut</strong></span> 
     </span>
     <span class='ocr_line' id='line_1_17' title="bbox 325 2313 1286 2416; baseline -0.007 -28"><span class='ocrx_word' id='word_1_106' title='bbox 325 2313 585 2416; x_wconf 85' lang='lat' dir='ltr'><strong>duodeviginti</strong></span> <span class='ocrx_word' id='word_1_107' title='bbox 614 2319 778 2392; x_wconf 84' lang='lat' dir='ltr'><strong>insultus</strong></span> <span class='ocrx_word' id='word_1_108' title='bbox 821 2335 1126 2392; x_wconf 67' lang='lat' dir='ltr'><strong>numerarentur,</strong></span> <span class='ocrx_word' id='word_1_109' title='bbox 1172 2324 1286 2410; x_wconf 86' lang='lat' dir='ltr'><strong>Jamque</strong></span> 
     </span>
     <span class='ocr_line' id='line_1_18' title="bbox 326 2429 1286 2540; baseline -0.011 -28"><span class='ocrx_word' id='word_1_110' title='bbox 326 2463 388 2512; x_wconf 83' lang='lat' dir='ltr'><strong>sex</strong></span> <span class='ocrx_word' id='word_1_111' title='bbox 411 2439 489 2540; x_wconf 85' lang='lat' dir='ltr'><strong>dies</strong></span> <span class='ocrx_word' id='word_1_112' title='bbox 507 2437 553 2509; x_wconf 91' lang='lat' dir='ltr'><strong>ad</strong></span> <span class='ocrx_word' id='word_1_113' title='bbox 573 2438 677 2510; x_wconf 90' lang='lat' dir='ltr'><strong>hunc</strong></span> <span class='ocrx_word' id='word_1_114' title='bbox 697 2429 856 2510; x_wconf 86' lang='lat' dir='ltr'><strong>modum</strong></span> <span class='ocrx_word' id='word_1_115' title='bbox 874 2457 935 2511; x_wconf 83' lang='lat' dir='ltr'><strong>res</strong></span> <span class='ocrx_word' id='word_1_116' title='bbox 957 2442 1210 2538; x_wconf 72' lang='lat' dir='ltr'><strong>perstiterant,</strong></span> <span class='ocrx_word' id='word_1_117' title='bbox 1231 2452 1286 2503; x_wconf 84' lang='lat' dir='ltr'><strong>cum</strong></span> 
     </span>
     <span class='ocr_line' id='line_1_19' title="bbox 326 2549 1286 2656; baseline -0.003 -30"><span class='ocrx_word' id='word_1_118' title='bbox 326 2567 395 2656; x_wconf 84' lang='lat' dir='ltr'><strong>per</strong></span> <span class='ocrx_word' id='word_1_119' title='bbox 415 2556 557 2626; x_wconf 86' lang='lat' dir='ltr'><strong>litteras</strong></span> <span class='ocrx_word' id='word_1_120' title='bbox 569 2609 578 2644; x_wconf 87' lang='lat'><strong>,</strong></span> <span class='ocrx_word' id='word_1_121' title='bbox 590 2572 674 2652; x_wconf 85' lang='lat' dir='ltr'><strong>quae</strong></span> <span class='ocrx_word' id='word_1_122' title='bbox 692 2555 771 2628; x_wconf 76' lang='lat' dir='ltr'><strong>haec</strong></span> <span class='ocrx_word' id='word_1_123' title='bbox 784 2549 1006 2644; x_wconf 81' lang='lat' dir='ltr'><strong>narrabant,</strong></span> <span class='ocrx_word' id='word_1_124' title='bbox 1026 2556 1286 2630; x_wconf 71' lang='lat' dir='ltr'><strong>consumemus</strong></span> 
     </span>
     <span class='ocr_line' id='line_1_20' title="bbox 254 2659 1287 2778; baseline -0.004 -36"><span class='ocrx_word' id='word_1_125' title='bbox 254 2762 258 2778; x_wconf 85' lang='lat'><em>.</em></span> <span class='ocrx_word' id='word_1_126' title='bbox 326 2671 449 2771; x_wconf 71' lang='lat' dir='ltr'><strong>pridie</strong></span> <span class='ocrx_word' id='word_1_127' title='bbox 478 2671 561 2742; x_wconf 77' lang='lat' dir='ltr'><strong>aaa</strong></span> <span class='ocrx_word' id='word_1_128' title='bbox 585 2674 732 2746; x_wconf 70' lang='lat' dir='ltr'><strong>sextiles</strong></span> <span class='ocrx_word' id='word_1_129' title='bbox 758 2659 847 2746; x_wconf 70' lang='lat' dir='ltr'><strong>alm</strong></span> <span class='ocrx_word' id='word_1_130' title='bbox 880 2663 982 2775; x_wconf 66' lang='lat'>1743.</span> <span class='ocrx_word' id='word_1_131' title='bbox 1010 2669 1098 2749; x_wconf 66' lang='lat' dir='ltr'><strong>nan</strong></span> <span class='ocrx_word' id='word_1_132' title='bbox 1124 2664 1287 2773; x_wconf 62' lang='lat' dir='ltr'><strong>perpatuit</strong></span> 
     </span>
     <span class='ocr_line' id='line_1_21' title="bbox 328 2787 1287 2892; baseline -0.004 -30"><span class='ocrx_word' id='word_1_133' title='bbox 328 2789 481 2890; x_wconf 87' lang='lat' dir='ltr'><strong>quidem</strong></span> <span class='ocrx_word' id='word_1_134' title='bbox 504 2791 636 2882; x_wconf 89' lang='lat' dir='ltr'><strong>nobis,</strong></span> <span class='ocrx_word' id='word_1_135' title='bbox 654 2792 891 2891; x_wconf 82' lang='lat' dir='ltr'><strong>aphorismos</strong></span> <span class='ocrx_word' id='word_1_136' title='bbox 910 2787 1205 2892; x_wconf 69' lang='lat' dir='ltr'><strong>Hippocratisltl</strong></span> <span class='ocrx_word' id='word_1_137' title='bbox 1221 2805 1287 2858; x_wconf 70' lang='lat' dir='ltr'><strong>rect</strong></span> 
     </span>
     <span class='ocr_line' id='line_1_22' title="bbox 328 2899 1286 3010; baseline -0.005 -31"><span class='ocrx_word' id='word_1_138' title='bbox 328 2907 509 2996; x_wconf 80' lang='lat' dir='ltr'><strong>lentibus,</strong></span> <span class='ocrx_word' id='word_1_139' title='bbox 539 2908 683 2983; x_wconf 85' lang='lat' dir='ltr'><strong>febrem</strong></span> <span class='ocrx_word' id='word_1_140' title='bbox 708 2913 806 2982; x_wconf 87' lang='lat' dir='ltr'><strong>eoin</strong></span> <span class='ocrx_word' id='word_1_141' title='bbox 823 2899 911 2983; x_wconf 84' lang='lat' dir='ltr'><strong>casu</strong></span> <span class='ocrx_word' id='word_1_142' title='bbox 935 2934 1004 3010; x_wconf 89' lang='lat' dir='ltr'><strong>per</strong></span> <span class='ocrx_word' id='word_1_143' title='bbox 1025 2913 1197 2984; x_wconf 89' lang='lat' dir='ltr'><strong>corticem</strong></span> <span class='ocrx_word' id='word_1_144' title='bbox 1212 2909 1286 2976; x_wconf 78' lang='lat' dir='ltr'><strong>ten·</strong></span> 
     </span>
     <span class='ocr_line' id='line_1_23' title="bbox 326 3021 1285 3118; baseline -0.001 -22"><span class='ocrx_word' id='word_1_145' title='bbox 326 3030 478 3099; x_wconf 88' lang='lat' dir='ltr'><strong>vianum</strong></span> <span class='ocrx_word' id='word_1_146' title='bbox 496 3025 609 3100; x_wconf 85' lang='lat' dir='ltr'><strong>tuisse</strong></span> <span class='ocrx_word' id='word_1_147' title='bbox 623 3028 812 3118; x_wconf 86' lang='lat' dir='ltr'><strong>abactam,</strong></span> <span class='ocrx_word' id='word_1_148' title='bbox 824 3021 1096 3102; x_wconf 81' lang='lat' dir='ltr'><strong>vulnusculum</strong></span> <span class='ocrx_word' id='word_1_149' title='bbox 1115 3043 1224 3099; x_wconf 88' lang='lat' dir='ltr'><strong>autem</strong></span> <span class='ocrx_word' id='word_1_150' title='bbox 1239 3037 1285 3090; x_wconf 65' lang='grc' dir='ltr'><strong>ἰεῦ]</strong></span> 
     </span>
     <span class='ocr_line' id='line_1_24' title="bbox 330 3140 1286 3246; baseline -0.015 -27"><span class='ocrx_word' id='word_1_151' title='bbox 330 3153 404 3219; x_wconf 89' lang='lat' dir='ltr'><strong>cito</strong></span> <span class='ocrx_word' id='word_1_152' title='bbox 432 3147 478 3218; x_wconf 90' lang='lat' dir='ltr'><strong>ad</strong></span> <span class='ocrx_word' id='word_1_153' title='bbox 512 3149 723 3219; x_wconf 85' lang='lat' dir='ltr'><strong>cicatricem</strong></span> <span class='ocrx_word' id='word_1_154' title='bbox 752 3149 992 3246; x_wconf 87' lang='lat' dir='ltr'><strong>perductum,</strong></span> <span class='ocrx_word' id='word_1_155' title='bbox 1024 3140 1286 3221; x_wconf 83' lang='lat' dir='ltr'><strong>recordantibus,</strong></span> 
     </span>
     <span class='ocr_line' id='line_1_25' title="bbox 329 3251 1286 3360; baseline -0.003 -23"><span class='ocrx_word' id='word_1_156' title='bbox 329 3265 437 3337; x_wconf 86' lang='lat' dir='ltr'><strong>Celso</strong></span> <span class='ocrx_word' id='word_1_157' title='bbox 454 3264 508 3360; x_wconf 58' lang='grc' dir='ltr'><strong>(ε)</strong></span> <span class='ocrx_word' id='word_1_158' title='bbox 529 3268 649 3336; x_wconf 85' lang='lat' dir='ltr'><strong>visum</strong></span> <span class='ocrx_word' id='word_1_159' title='bbox 670 3287 749 3338; x_wconf 86' lang='lat' dir='ltr'><strong>esse</strong></span> <span class='ocrx_word' id='word_1_160' title='bbox 776 3251 984 3339; x_wconf 89' lang='lat' dir='ltr'><strong>secundum</strong></span> <span class='ocrx_word' id='word_1_161' title='bbox 1000 3268 1195 3341; x_wconf 86' lang='lat' dir='ltr'><strong>lectionem</strong></span> <span class='ocrx_word' id='word_1_162' title='bbox 1212 3273 1286 3357; x_wconf 68' lang='lat' dir='ltr'><strong>qutffl</strong></span> 
     </span>
     <span class='ocr_line' id='line_1_26' title="bbox 327 3375 1287 3482; baseline -0.004 -27"><span class='ocrx_word' id='word_1_163' title='bbox 327 3385 416 3455; x_wconf 89' lang='lat' dir='ltr'><strong>alias</strong></span> <span class='ocrx_word' id='word_1_164' title='bbox 446 3383 504 3482; x_wconf 84' lang='lat'><strong>(3)</strong></span> <span class='ocrx_word' id='word_1_165' title='bbox 531 3383 767 3456; x_wconf 86' lang='lat' dir='ltr'><strong>retinendam</strong></span> <span class='ocrx_word' id='word_1_166' title='bbox 791 3385 1045 3475; x_wconf 85' lang='lat' dir='ltr'><strong>ostendimus,</strong></span> <span class='ocrx_word' id='word_1_167' title='bbox 1076 3406 1210 3458; x_wconf 85' lang='lat' dir='ltr'><strong>omnem</strong></span> <span class='ocrx_word' id='word_1_168' title='bbox 1229 3375 1287 3468; x_wconf 66' lang='lat' dir='ltr'><strong>sest</strong></span> 
     </span>
     <span class='ocr_line' id='line_1_27' title="bbox 331 3485 1288 3601; baseline -0.009 -24"><span class='ocrx_word' id='word_1_169' title='bbox 331 3529 494 3577; x_wconf 79' lang='lat' dir='ltr'><strong>morsum</strong></span> <span class='ocrx_word' id='word_1_170' title='bbox 524 3503 667 3574; x_wconf 77' lang='lat' dir='ltr'><strong>babere</strong></span> <span class='ocrx_word' id='word_1_171' title='bbox 697 3503 891 3601; x_wconf 84' lang='lat' dir='ltr'><strong>quoddam</strong></span> <span class='ocrx_word' id='word_1_172' title='bbox 928 3511 1051 3593; x_wconf 79' lang='lat' dir='ltr'><strong>virus,</strong></span> <span class='ocrx_word' id='word_1_173' title='bbox 1080 3503 1239 3596; x_wconf 86' lang='lat' dir='ltr'><strong>idemque</strong></span> <span class='ocrx_word' id='word_1_174' title='bbox 1258 3485 1288 3557; x_wconf 74' lang='lat' dir='ltr'><strong>tl</strong></span> 
     </span>
    </p>
   </div>
   <div class='ocr_carea' id='block_1_3' title="bbox 554 3667 1342 3704">
    <p class='ocr_par' dir='ltr' id='par_1_3' title="bbox 554 3667 1342 3704">
     <span class='ocr_line' id='line_1_28' title="bbox 554 3667 1342 3704; baseline -0.014 -6"><span class='ocrx_word' id='word_1_175' title='bbox 554 3667 1285 3704; x_wconf 50' lang='lat' dir='ltr'><em>w</em></span> <span class='ocrx_word' id='word_1_176' title='bbox 1341 3681 1342 3696; x_wconf 30' lang='lat' dir='ltr'><strong>a</strong></span> 
     </span>
    </p>
   </div>
   <div class='ocr_carea' id='block_1_4' title="bbox 436 3787 820 3862">
    <p class='ocr_par' dir='ltr' id='par_1_4' title="bbox 436 3787 820 3862">
     <span class='ocr_line' id='line_1_29' title="bbox 436 3787 820 3862; baseline -0.01 -15"><span class='ocrx_word' id='word_1_177' title='bbox 436 3793 467 3847; x_wconf 86' lang='lat' dir='ltr'><strong>S.</strong></span> <span class='ocrx_word' id='word_1_178' title='bbox 481 3792 526 3858; x_wconf 85' lang='lat'><strong>11,</strong></span> <span class='ocrx_word' id='word_1_179' title='bbox 541 3789 594 3858; x_wconf 75' lang='lat'><strong>26,</strong></span> <span class='ocrx_word' id='word_1_180' title='bbox 611 3800 639 3844; x_wconf 85' lang='lat' dir='ltr'><strong>et</strong></span> <span class='ocrx_word' id='word_1_181' title='bbox 652 3791 704 3862; x_wconf 86' lang='lat' dir='ltr'><strong>lv,</strong></span> <span class='ocrx_word' id='word_1_182' title='bbox 719 3788 766 3860; x_wconf 85' lang='lat'><strong>57.</strong></span> <span class='ocrx_word' id='word_1_183' title='bbox 819 3787 820 3790; x_wconf 62' lang='grc'>’</span> 
     </span>
    </p>
   </div>
   <div class='ocr_carea' id='block_1_5' title="bbox 370 3790 793 4069">
    <p class='ocr_par' dir='ltr' id='par_1_5' title="bbox 370 3790 793 4069">
     <span class='ocr_line' id='line_1_30' title="bbox 371 3790 415 3870; baseline -0.068 0"><span class='ocrx_word' id='word_1_184' title='bbox 371 3790 415 3870; x_wconf 80' lang='lat'><strong>(¹)</strong></span> 
     </span>
     <span class='ocr_line' id='line_1_31' title="bbox 371 3889 793 3966; baseline -0.002 -22"><span class='ocrx_word' id='word_1_185' title='bbox 371 3891 415 3966; x_wconf 75' lang='lat' dir='ltr'><strong>(a)</strong></span> <span class='ocrx_word' id='word_1_186' title='bbox 435 3894 480 3946; x_wconf 88' lang='lat' dir='ltr'><strong>De</strong></span> <span class='ocrx_word' id='word_1_187' title='bbox 496 3890 603 3945; x_wconf 88' lang='lat' dir='ltr'><strong>medic.</strong></span> <span class='ocrx_word' id='word_1_188' title='bbox 623 3892 642 3943; x_wconf 90' lang='lat' dir='ltr'><strong>l.</strong></span> <span class='ocrx_word' id='word_1_189' title='bbox 658 3889 691 3957; x_wconf 88' lang='lat'><strong>5,</strong></span> <span class='ocrx_word' id='word_1_190' title='bbox 706 3911 730 3944; x_wconf 89' lang='lat' dir='ltr'><strong>c.</strong></span> <span class='ocrx_word' id='word_1_191' title='bbox 748 3909 793 3961; x_wconf 81' lang='lat'><strong>²7·</strong></span> 
     </span>
     <span class='ocr_line' id='line_1_32' title="bbox 370 3988 418 4069; baseline -0.042 0"><span class='ocrx_word' id='word_1_192' title='bbox 370 3988 418 4069; x_wconf 65' lang='lat' dir='ltr'><strong>(ll</strong></span> 
     </span>
    </p>
   </div>
   <div class='ocr_carea' id='block_1_6' title="bbox 435 3991 702 4073">
    <p class='ocr_par' dir='ltr' id='par_1_6' title="bbox 435 3991 702 4073">
     <span class='ocr_line' id='line_1_33' title="bbox 435 3991 702 4073; baseline -0.011 -27"><span class='ocrx_word' id='word_1_193' title='bbox 435 3994 470 4073; x_wconf 73' lang='lat'><strong>¹¹}</strong></span> <span class='ocrx_word' id='word_1_194' title='bbox 483 3992 558 4046; x_wconf 85' lang='lat' dir='ltr'><strong>Cels.</strong></span> <span class='ocrx_word' id='word_1_195' title='bbox 568 3991 660 4064; x_wconf 87' lang='lat' dir='ltr'><strong>Epist.</strong></span> <span class='ocrx_word' id='word_1_196' title='bbox 679 4010 702 4044; x_wconf 93' lang='lat'><strong>1.</strong></span> 
     </span>
    </p>
   </div>
   <div class='ocr_carea' id='block_1_7' title="bbox 0 0 1451 5282">
    <p class='ocr_par' dir='ltr' id='par_1_7' title="bbox 0 0 1451 5282">
     <span class='ocr_line' id='line_1_34' title="bbox 0 0 1451 5282; baseline 0 0"><span class='ocrx_word' id='word_1_197' title='bbox 0 0 1451 5282; x_wconf 95' lang='lat' dir='ltr'><strong> </strong></span> 
     </span>
    </p>
   </div>
  </div>
 </body>
</html>
