2812 4656
185 437 254 484 trs.
270 436 320 484 1x.
339 435 386 482 oa
400 433 538 496 nosris
557 433 756 498 curatae,
774 425 843 485 etc.
862 435 974 486 amsa.
993 437 1025 482 n.
1054 409 1126 484 303

102 549 220 620 tione
232 563 452 621 sanaturum
473 548 682 644 reciperet,
698 561 739 617 ut
754 549 858 618 corio
879 547 992 644 paulo
1015 573 1129 646 supra

101 683 302 739 tumorem
320 666 461 755 inciso,
481 679 518 736 et
531 689 628 736 vena
646 689 729 762 quae
742 663 795 735 ibi
813 690 893 736 non
915 666 1039 739 tenuis
1054 683 1129 754 est,

101 799 277 873 resecta,
299 783 400 856 hanc
424 783 587 854 vinculis
603 781 767 853 ‚duobus
788 783 912 864 valide
939 786 1129 854 constrin-

102 919 236 1003 geret,
251 894 427 1000 interque
446 899 528 974 haeo
548 901 670 998 ipsam
695 900 909 976 dissecaret.
937 902 1129 974 Reclama-

104 1039 192 1094 tum
213 1045 293 1094 esse
313 1021 480 1119 primum
495 1019 543 1090 ab
564 1018 744 1092 omnibus
757 1019 898 1116 quibus
913 1023 1127 1094 circumitio

106 1139 306 1236 sanguinis
331 1152 428 1211 esset
438 1147 546 1224 nota,
561 1152 744 1235 tanquam
762 1139 902 1210 auxilio
920 1164 999 1210 non
1011 1139 1126 1212 modo

105 1283 192 1330 non
209 1255 426 1356 profuturo,
446 1255 511 1328 sed
524 1255 734 1354 plurimum
748 1239 937 1328 nocituro.
954 1262 1129 1352 Attamen

106 1401 201 1450 cum
220 1377 284 1448 ille
302 1373 582 1471 ejusdemmodi
613 1371 768 1474 affectos
796 1375 933 1448 morbo
967 1393 1129 1475 septem,

106 1512 176 1568 aut
193 1510 281 1566 octo
298 1517 438 1590 equos,
460 1507 496 1562 et
509 1494 549 1563 in
573 1491 632 1564 his
651 1490 750 1564 duos
780 1495 819 1564 in
842 1493 974 1566 eadem
1006 1495 1126 1582 urbe,

107 1616 165 1686 sic
180 1613 227 1684 ab
247 1637 286 1684 se
310 1626 531 1710 persanatos
552 1626 798 1715 memoraret,
834 1635 1045 1710 verumque
1072 1613 1130 1686 di-

109 1756 216 1820 cere,
236 1731 412 1829 protinus
428 1753 469 1800 re
487 1729 667 1825 inquisita
684 1729 955 1828 explorataque
981 1747 1129 1804 consta-

107 1864 185 1938 ret3
205 1849 431 1946 permissum
447 1870 552 1932 esse,
571 1859 629 1934 et,
649 1870 688 1918 se
708 1850 776 1943 qui
792 1847 871 1918 hac
890 1847 986 1920 milri
1002 1873 1129 1922 narra*

108 1967 463 2066 bat,inspectante,
479 1965 531 2036 ita
558 1965 615 2034 uti
630 1966 870 2062 propositum
890 1963 1027 2054 fuerat,
1048 1993 1129 2041 esse

111 2085 264 2156 factum.
291 2089 425 2182 Itaque
449 2097 617 2155 tumores
642 2081 731 2152 inde
752 2107 902 2180 semper
920 2083 980 2154 vel
995 2087 1128 2182 primis

109 2202 246 2277 diebus
270 2203 502 2289 decrevisse,
531 2179 656 2274 donoc
681 2203 782 2272 intra
806 2201 1028 2299 vigesimum
1055 2206 1128 2276 cir-

109 2324 205 2416 citer
225 2321 326 2392 diem
347 2343 502 2418 prorsus
526 2322 759 2392 evanuerint.
788 2323 880 2412 Quae
910 2345 996 2392 cum
1029 2321 1126 2396 forte

107 2440 190 2513 aliis
210 2441 251 2510 in
270 2438 412 2538 quibus
431 2454 509 2510 erat
525 2440 584 2510 vir
606 2440 932 2537 ingeniosissimus
953 2443 1128 2514 Domini-

110 2583 179 2630 cus
196 2557 466 2643 Gulielmium,
477 2553 658 2628 referrem
671 2556 757 2645 ;·hic
773 2557 906 2628 maluit
919 2559 1126 2654 conjicere,
1196 2563 1199 2574 '

105 2675 223 2762 ,simul
250 2698 337 2746 cum
363 2697 459 2745 vena
490 2671 646 2746 fortasse
675 2699 837 2746 nervum
869 2675 1057 2772 aliquem,
1079 2676 1129 2748 ad

109 2817 247 2890 aegram
289 2807 436 2890 partem
473 2807 735 2890 spectantem,
763 2779 877 2866 fuisse
907 2794 1127 2885 dissectum,

110 2935 231 3008 eaque
252 2911 399 2982 ratione
420 2909 610 2982 sublatum
630 2909 825 3000 dolorem,
848 2913 915 3008 qui
939 2914 1127 3010 originem

110 3043 387 3100 nonatumore
408 3027 621 3115 habuisset,
641 3029 706 3101 sed
725 3032 852 3127 potius
878 3033 1020 3102 tumori
1047 3033 1127 3130 ipse
1156 3101 1158 3108 Α

110 3147 350 3248 praebuisset,
370 3149 498 3245 itaque
520 3147 641 3220 ablata
663 3151 700 3218 vi
722 3147 882 3235 stimuli,
901 3169 984 3244 quae
1002 3139 1055 3220 uti
1075 3149 1128 3221 fe·

110 3269 238 3353 cisset,
258 3267 309 3338 ita
324 3283 566 3339 conservaret
576 3282 788 3354 tumorem,
809 3265 912 3337 hunc
930 3291 1009 3336 non
1032 3267 1127 3342 diffi-

111 3385 183 3456 cile
203 3383 315 3458 fuisse
329 3385 507 3456 solutum.
524 3388 575 3455 Ut
588 3399 630 3456 ut
649 3400 720 3472 est,
746 3384 854 3454 nolui
871 3384 968 3457 hanc
985 3385 1053 3457 tibi
1067 3413 1128 3458 cu·

111 3505 299 3586 rationem
314 3504 494 3592 reticere3
513 3529 637 3600 neque
658 3503 758 3574 enim
778 3502 934 3576 medicis
954 3483 1126 3603 unquam

111 3622 245 3694 nocuit
280 3621 373 3720 quid
409 3622 642 3692 veterinariis
675 3622 852 3693 succedat
885 3622 1055 3710 novisse,
1092 3642 1129 3698 et

113 3741 218 3838 prius
244 3737 400 3812 fortasse
425 3739 472 3811 ab
504 3740 577 3826 his,
594 3755 636 3811 ut
660 3741 699 3809 in
723 3741 845 3811 brutis
872 3741 1128 3817 animantibus

113 3856 277 3935 liberum
307 3872 363 3930 est
395 3857 615 3957 periclitari,
647 3857 757 3956 plura
785 3843 950 3947 tentata,
977 3877 1013 3932 et
1034 3859 1130 3934 lacta

116 3990 205 4046 sunt
241 4001 355 4071 quam
395 3975 441 4046 ad
471 3974 647 4049 homines
673 3972 978 4048 transferrentur.
1014 3979 1129 4052 vides
