2812 4656
204 457 272 506 ma.
288 459 338 506 rv.
355 461 401 507 or
417 459 554 509 uonms
567 461 768 517 cornuae..
788 451 858 511 etc.
877 461 989 510 amar.
1008 463 1040 508 n.
1072 461 1142 534 ²97

130 570 221 644 bat:
242 575 346 671 quod
365 591 402 648 et
421 577 461 645 in
478 575 549 647 alia
564 575 611 648 de
625 599 701 673 qua
721 575 788 646 ubi
806 576 855 648 de
873 549 1148 648 claudicaliune

136 689 300 762 scribam
317 691 391 790 (ι),
421 693 576 764 memini
609 693 768 782 vidisse,
794 708 995 790 utramque
1021 707 1148 764 autem

130 831 220 880 cum
238 807 286 881 de
304 809 423 882 urinae
442 809 663 882 difficultate
682 835 832 908 agerem
845 811 900 905 (al
915 833 1148 882 commemo-

128 949 266 1015 rasse,
292 941 330 1001 et
361 929 468 1026 parvi
499 927 599 1000 illius
630 929 710 998 vitii
740 953 891 1001 causam
921 929 1144 1026 quaesivisse.

131 1045 273 1140 Aperta
289 1037 456 1142 denique
470 1046 626 1144 vagina,
643 1071 726 1143 quaa
748 1045 876 1117 albido
898 1045 1147 1118 crassiusculo

131 1159 295 1233 humore
313 1177 393 1234 erat
413 1161 550 1250 oblita,
569 1163 664 1234 illud
682 1161 826 1236 offendi
842 1163 945 1261 quod
963 1163 1055 1234 mihi
1075 1162 1148 1235 hoc

131 1278 220 1351 loco
238 1278 430 1354 scribendi
447 1280 546 1352 hanc
568 1280 871 1354 observationem
884 1305 1033 1353 causam
1051 1295 1149 1352 attu-

129 1396 186 1469 lit.
205 1397 354 1470 Scilicet
370 1401 529 1496 propius
547 1400 708 1471 alterum
724 1401 838 1486 latuS,
855 1425 935 1470 uno
955 1398 1149 1496 suprahy·
1172 1479 1175 1486 .

131 1541 286 1588 menem
300 1530 516 1588 transverso
532 1515 668 1615 digito,
699 1519 884 1600 anterior,
903 1533 939 1588 et
959 1499 1147 1627 posteriop

131 1636 277 1732 vaginae
289 1632 401 1706 facies
420 1634 602 1731 colligata
618 1651 726 1706 erant
743 1637 844 1708 inter
858 1661 898 1708 se
914 1633 1147 1733 perbrevem

133 1753 245 1850 quasi
269 1753 454 1840 institam,
473 1751 683 1824 latitudiuis
713 1769 749 1824 et
776 1752 1034 1826 crassitudinis
1065 1776 1148 1823 mo-

133 1869 251 1957 dicae,
281 1894 328 1940 ex
347 1868 478 1942 eadem
502 1891 658 1966 prorsus
687 1895 731 1940 ex
763 1895 838 1970 qua
867 1871 1021 1968 vagina,
1041 1869 1149 1942 subs·

132 1987 253 2058 tantia
284 1983 441 2076 factam,
470 1985 518 2056 ad
535 1987 790 2084 eumdemque
819 1986 977 2058 modum
1009 2011 1147 2084 rugosa

93 2098 99 2108 '
133 2100 328 2202 praeditam
343 2102 567 2202 superficie;
591 2120 634 2176 ut
654 2102 1027 2188 manifestum'esset,
1052 2127 1147 2203 prae·

131 2224 260 2295 sertim
281 2248 367 2295 cum
386 2247 596 2322 praegressae
614 2223 799 2295 erosionis
813 2223 962 2293 nullum
984 2247 1145 2319 usquam

134 2365 268 2440 supra,
296 2357 361 2414 aut
376 2339 474 2414 infra
484 2357 684 2440 appareret
702 2343 925 2440 vestigium,
940 2341 1148 2439 colligatio-

134 2485 225 2530 nem
238 2459 340 2531 illam
357 2485 437 2532 esse
457 2459 505 2531 ab
522 2475 665 2532 natura.
694 2463 815 2550 Quam
839 2474 1043 2556 antequam
1067 2482 1146 2532 sec-

132 2578 239 2650 tione
252 2576 519 2666 dissolverem,
536 2579 742 2650 arctissima
758 2577 806 2649 ab
823 2602 868 2648 eo
883 2577 998 2650 latere
1011 2578 1145 2674 vagina

133 2710 234 2783 erat3
258 2695 321 2766 illa
342 2710 467 2767 autern
487 2694 691 2784 dissoluta,
718 2697 906 2768 continuo
941 2696 981 2766 in
1002 2696 1143 2791 justam

131 2812 369 2886 latitudinem
386 2837 424 2886 sc
444 2813 621 2885 extendit.
863 2893 867 2906 ⁸

185 2930 241 3004 52.
260 2930 373 3022 Quod
394 2934 424 3002 si
444 2930 522 3002 haec
545 2931 652 3028 virgo
675 2931 885 3028 nupsisset,
909 2927 1016 3002 facile
1040 2931 1146 3002 intel·

125 3049 221 3146 -ligis
243 3051 408 3121 institam
430 3049 532 3118 illam
553 3062 618 3119 aut
640 3071 658 3119 a
682 3047 950 3146 congrediente
966 3047 1065 3136 viru,
1082 3063 1147 3120 aut

131 3191 154 3239 a
172 3166 385 3264 prodeunte
407 3165 500 3238 foetu
519 3165 750 3262 disruptam,
776 3187 990 3238 excrescere
1014 3179 1145 3262 postea

130 3287 174 3356 in
194 3283 433 3383 praehumido
446 3285 547 3370 locu,
560 3285 600 3354 in
611 3282 840 3380 condyloma
856 3283 1035 3380 potuisse.
1047 3281 1143 3352 Mihi

132 3417 239 3481 certe
253 3427 340 3474 curn
359 3427 441 3474 eam
464 3400 706 3489 dissererem,
728 3401 768 3470 in
786 3414 952 3472 mentem
969 3400 1072 3470 venit
1080 3400 1144 3494 ju·

132 3521 242 3592 vanis
258 3535 456 3606 matronae,
471 3519 532 3590 cui
543 3532 629 3615 post
644 3542 723 3588 non
733 3515 879 3588 facilem
893 3531 1042 3615 partum
1057 3541 1146 3588 con·

130 3637 324 3735 dylomata
337 3636 415 3708 duo
432 3661 501 3733 per
516 3637 657 3734 vaginae
668 3633 855 3706 orificium
870 3634 1037 3734 pendere
1047 3633 1143 3722 vidi,

172 3916 213 3998 (ι)
235 3919 329 3995 Epist.
349 3918 515 3990 56,n.21.

170 4018 214 4096 (a)
236 4019 331 4096 Epist.
351 4025 516 4093 la,n.1,a.
