2872 4660
164 381 232 426 Lm.
262 381 316 426 111.
345 382 392 428 DE
419 381 559 430 Mortuis
583 382 754 446 vultrnts,
781 385 892 432 EPIST.
920 387 1046 432 XLVIII.
1076 365 1124 462 89

117 493 279 583 dubitat,
308 519 390 592 quae
416 497 628 594 vagientem
646 494 728 572 ¹sibi
750 496 900 570 videtnr'
923 497 1121 574 audivisse.

117 613 311 684 Mittamus
330 612 425 702 hoc,
445 615 617 711 inquam,
632 614 735 710 quod
761 615 948 687 incertum
973 633 1049 703 est,
1075 619 1123 690 de

117 733 252 829 vagitu.
273 731 370 802 Illud
389 757 509 820 vero,
521 731 625 829 quod
642 733 864 830 opinionem
884 733 1126 808 confirmaret

118 873 235 920 meam
253 903 263 936 ,
284 849 447 920 obverso
457 851 557 922 eni-m
573 849 622 920 ad
639 853 810 946 vaginam
827 852 983 949 podice,
1002 868 1039 924 et
1055 852 1122 924 ad-

115 965 326 1060 jacentibus
340 967 468 1064 podici
492 967 662 1064 partibus
678 966 775 1039 forte
793 973 1034 1068 compressis,
1054 996 1122 1070 po-

118 1086 183 1154 tuit
208 1085 322 1157 etiam
347 1085 510 1158 necdum
538 1089 740 1184 respiranti
768 1102 911 1160 stercus
942 1090 1120 1185 exprimi3

120 1225 183 1272 cur
201 1201 386 1274 obstetrix
400 1205 580 1295 immissis¹
594 1203 719 1303 digitis
739 1230 818 1276 non
836 1205 1098 1304 comprobavit
1108 1206 1124 1280 Ρ,

119 1321 248 1392 Mulier
256 1323 380 1412 enim,
397 1324 595 1420 inquiunt,
606 1347 644 1394 se
663 1335 855 1420 passuram
873 1323 911 1394 id
926 1338 1118 1422 pernegat.

118 1441 187 1536 Ego
214 1464 331 1511 vero:
354 1440 498 1538 quidsi
525 1465 631 1539 opus
646 1465 725 1514 esse
746 1441 866 1512 dicam
890 1443 1053 1512 'manum
1083 1441 1123 1512 in

119 1571 259 1628 uterum
275 1560 463 1648 inserere,
482 1557 712 1657 furtumque,
731 1561 761 1631 si
777 1575 970 1658 oporteat,
986 1563 1024 1629 in
1040 1584 1121 1630 me-

122 1673 245 1747 liorem
263 1661 425 1775 figuram
443 1701 686 1766 conversum,
715 1677 934 1749 extrahere?
963 1676 1075 1766 Quod
1091 1677 1123 1746 si

119 1791 210 1866 illius
228 1796 380 1866 animus
395 1819 498 1866 nune
516 1793 617 1866 flecti
634 1820 713 1866 non
729 1809 876 1894 potest,
898 1795 949 1866 sic
967 1783 1119 1881 habete,
1193 1808 1197 1820 '

120 1910 183 1982 nisi
200 1927 264 1984 aut
282 1911 467 1998 obstetrix
492 1912 649 2012 decepta
674 1915 741 2002 sit,
772 1929 837 1984 aut
859 1909 980 2011 figura
1005 1893 1121 2009 quam

123 2025 221 2117 dixit,
240 2031 280 2100 in
302 2030 500 2102 meliorem
530 2045 714 2118 mutetur,
740 2031 820 2100 sine
848 2028 1017 2126 chirurgi
1040 2043 1121 2099 tan·

123 2143 198 2216 dem
215 2172 354 2245 opera,
373 2147 437 2220 sed
456 2149 568 2220 nimis
581 2173 661 2236 sera
680 2146 856 2232 fortasse,
876 2170 956 2217 non
974 2169 1052 2218 esse
1064 2148 1122 2216 in·

120 2260 249 2344 viantem
269 2265 524 2364 proditurum.
552 2271 726 2358 Quorum
746 2267 969 2336 alterutrum
989 2261 1121 2353 fuerit,

123 2406 261 2456 necesse
280 2371 345 2456 est.
365 2383 438 2456 Sed
453 2385 677 2458 utrumlibet
694 2383 809 2456 fuerit
820 2398 1023 2473 ;,mutatam
1039 2407 1123 2481 pos-

123 2514 173 2570 tea
185 2526 260 2576 esse
278 2499 440 2598 liguram
456 2502 648 2591 dixerunt,
667 2504 842 2600 uterique
854 2501 999 2607 obortis
1014 2501 1122 2576 dolo·

123 2616 233 2704 ribus,
246 2618 429 2692 infantem
439 2621 602 2692 naturali
612 2619 751 2718 figura,
768 2621 940 2718 quamvis
951 2645 1030 2690 non
1042 2621 1122 2692 sine

125 2758 258 2808 summo
274 2737 326 2808 ob
343 2738 642 2836 magnitudinem
657 2721 812 2827 labore,
831 2739 871 2807 in
885 2737 1010 2808 lucem
1023 2736 1125 2808 deni·

125 2875 189 2946 que
205 2855 348 2926 editum
370 2881 459 2928 esse.
469 2855 567 2946 Illud
579 2871 634 2928 est
646 2835 792 2928 certum
811 2854 914 2951 quod
924 2854 969 2924 ad
978 2856 1124 2926 institu-

126 2981 193 3038 tum
211 2996 423 3044 sermonem
441 2976 601 3044 maxime
619 2975 771 3059 attinet,
796 2997 919 3069 neque
947 2987 1032 3042 ante
1058 2996 1123 3043 oc-

127 3099 234 3172 tavam
248 3092 424 3162 insecutae
435 3093 557 3164 noctis
570 3090 722 3180 horam,
736 3091 967 3162 etviventem
980 3079 1122 3179 adhuc,

128 3225 204 3276 nam
221 3223 256 3278 et
272 3209 465 3306 paulisper
491 3223 621 3305 postea
638 3210 729 3280 vixit
748 3263 757 3296 ,
784 3206 989 3306 prodiisse:
1010 3205 1049 3276 id
1069 3223 1124 3279 est

127 3316 218 3395 horis
234 3327 433 3397 minimum
447 3325 666 3423 quindecim
683 3352 728 3398 ex
741 3349 842 3424 qu0,
859 3327 958 3398 intra
971 3340 1123 3397 uterum

129 3433 278 3531 haerens,
290 3459 431 3518 stercus
444 3459 610 3542 coeperat
625 3445 820 3532 emittere3
839 3460 881 3514 ut
892 3444 1124 3516 evidentissi-

127 3577 180 3626 mc
188 3581 293 3657 appar
301 3578 370 3650 eat,
383 3563 621 3656 emissionem
635 3565 733 3652 hanc
744 3561 853 3636 fallax
865 3587 943 3634 esse
960 3561 1122 3632 emortui
1156 3547 1157 3550 ¹

127 3668 225 3748 foetus
237 3679 427 3751 indicium.
443 3684 528 3752 Ilaec
543 3697 668 3752 autem
683 3681 813 3766 retuli,
834 3683 922 3778 quia
938 3680 1123 3752 inhaeren-

127 3801 192 3859 tem
211 3795 332 3868 adhuc
350 3798 676 3888 muliercularum,
694 3817 730 3870 et
749 3799 852 3896 vulgi
864 3799 999 3869 animis
1015 3814 1121 3869 erro-

128 3925 196 3978 rem
213 3937 288 3987 nou
306 3917 376 3991 nisi
395 3917 492 4008 aliis,
509 3933 622 4022 atque
642 3919 721 3992 aliis
736 3916 896 3990 subinde
916 3914 1069 4004 additis,
1084 3929 1121 3987 et
