2812 4656
232 435 1063 524 nrr.1v.nruono1scn1nnneeto.nr1sr.u.
1092 461 1164 536 ²²9

156 592 270 690 potu,
286 599 365 647 non
384 554 623 671 intelligeres.
638 576 747 644 Certe
762 553 893 644 autern
906 569 1058 647 occluso
1071 600 1165 674 prae·

158 693 438 806 oipuoar‘teriae'
445 705 608 778 trunco,
633 713 759 762 ramos
783 689 978 778 laterales,
999 674 1081 763 lieet
1090 717 1168 790 per

155 839 197 886 se
212 831 382 912 parvos,
408 813 544 920 postea
562 807 748 896 distendi,
780 814 814 910 si
845 807 1027 909 laeqaidam
1044 809 1167 882 solam

157 937 203 1001 in
213 927 277 1001 eos
295 938 404 1025 agat'·,
418 927 489 998 vin
479 925 724 1014 doctissimi,
732 940 769 997 et
782 926 824 996 in-
839 923 899 998 his
913 925 1166 1032 Hallerus(1)‚

158 1073 210 1120 ea
208 1037 402 1146 physzczs
416 1059 453 1117 et
459 1039 702 1140 hydraulicis
713 1067 793 1116 non
810 1041 1061 1116 dubitabant.
1047 1047 1167 1158 .quin

158 1165 263 1237 idem
285 1163 457 1235 Hallerus
476 1160 512 1259 (
515 1161 530 1258 )
547 1175 583 1233 et
591 1160 711 1258 vulgo
726 1161 860 1234 notam
872 1187 968 1266 esse,
986 1177 1024 1235 et
1049 1187 1094 1235 se
1108 1168 1169 1235 vi-

158 1271 259 1355 disse
285 1278 589 1366 confirmaverat,
614 1294 756 1379 resecta
774 1285 915 1352 arcena
932 1279 1088 1368 radzali,
1112 1286 1169 1394 ita

158 1399 364 1473 dilatatam
374 1398 500 1490 faisse
522 1402 656 1496 sensim
685 1370 872 1485 ulnarem,
907 1411 950 1469 ut
973 1403 1073 1469 rami
1088 1422 1169 1470 om·

158 1543 244 1605 nes,
273 1517 409 1616 quibas
426 1519 629 1614 prospicit
627 1499 814 1605 radalli,
845 1501 954 1588 inde
949 1505 1171 1613 sanguinem

157 1627 380 1734 ao'czperent.
400 1629 617 1730 Quo'rnag'is
631 1621 840 1731 optandum
858 1633 928 1722 est,
945 1633 1041 1705 utin
1061 1632 1170 1705 cada·

157 1751 315 1824 veribus
344 1738 498 1822 'eorum'
516 1747 657 1848 quibus
682 1749 772 1820 olim
788 1743 948 1822 ¹'arteria
975 1751 1056 1848 ipsa
1083 1739 1175 1822 bra:

159 1863 311 1957 chialis',
334 1857 608 1965 aneurysmatis
641 1853 801 1938 ¹curandi
825 1891 934 1940 causa
957 1869 997 1966 in
1024 1867 1171 1940 brachii
1215 1918 1218 1934 ι

159 1983 287 2074 flexu‚·
301 1973 464 2083 obligata
478 1974 609 2072 fuerit,
628 1971 764 2055 iteruri
771 1991 787 2072 ‚'
800 1986 1015 2102 iterumque
1024 1985 1077 2057 ab·
1087 1971 1172 2057 anii-

164 2105 331 2192 tornois,
358 2102 609 2201 inprimisque
631 2100 678 2173 ab
704 2101 839 2174 eodem
865 2099 1171 2202 praestantissimo

162 2219 375 2294 Molinellio
400 2209 860 2352 perquisitiohujusmodi
882 2234 1098 2318 repetatur,
1128 2235 1173 2292 ut

162 2319 276 2412 sicuti
293 2362 375 2437 quae
398 2338 439 2408 in
464 2336 536 2408 hac
554 2336 677 2468 prima
700 2336 972 2435 deprehendit,
998 2323 1184 2410 accurate

162 2455 261 2529 adeo
275 2447 495 2554 proposuit,
502 2469 553 2526 lta
562 2479 601 2524 ιιι
614 2454 697 2526 aliis
712 2454 865 2543 eadem,
884 2481 934 2526 an
951 2455 1022 2527 alia
1038 2479 1172 2527 occur-

160 2562 248 2648 rant
256 2573 471 2671 injectionis
480 2572 592 2644 etiam
603 2572 759 2661 auxili0,
770 2575 950 2646 certiores
958 2572 1104 2646 fiamus.
1120 2576 1172 2644 Ut

163 2693 267 2764 enim
278 2690 378 2763 illius
395 2691 538 2762 arteriae
549 2703 705 2762 truncus
715 2715 802 2762 raro
812 2690 952 2789 duplex
967 2676 1029 2777 sit3
1047 2714 1189 2774 ramos¹
1309 2691 1315 2704 '

161 2803 292 2882 tamen
309 2805 356 2880 ab
373 2809 457 2905 ipso
468 2799 550 2880 tum
565 2813 606 2878 in
625 2809 820 2897 ulnarem,
836 2799 918 2880 tuin
936 2810 975 2880 in
991 2807 1172 2881 radialem

163 2919 412 3028 pertinentes,
426 2949 523 3024 quos
533 2925 600 2996 cel.
619 2925 860 2999 Winslowius
871 2926 926 3024 (3)
940 2915 1172 3000 collaterales

162 3061 291 3134 vocat,
321 3044 468 3116 nonin
500 3043 646 3115 cunctis
681 3042 836 3140 quidem
868 3042 1094 3142 corporibus
1125 3043 1173 3116 ad

163 3161 342 3236 eumdem
362 3157 520 3232 modum
545 3183 584 3232 se
609 3158 767 3248 habere,
788 3151 1004 3257 sed'plures
1026 3153 1066 3230 in
1090 3159 1172 3264 ples

163 3273 416 3378 risque'e-sse,
440 3277 501 3350 vel
523 3302 569 3350 ex
596 3278 695 3374 ejus,
724 3291 761 3348 et
793 3275 933 3349 laudati
958 3277 1099 3350 ualleri
1114 3278 1170 3390 (Δ)

207 3589 251 3672 (ι)
273 3592 398 3648 Dissert.
411 3591 448 3652 de
460 3591 567 3648 arteria
577 3591 709 3664 brachii,
722 3603 785 3650 not.
799 3593 837 3652 ad
851 3598 866 3664 S
880 3583 927 3660 45'.

210 3689 252 3772 (ι)
273 3695 310 3748 ln
325 3692 432 3748 Boerh.
447 3694 579 3767 praelect.
594 3690 632 3748 ad
646 3693 744 3748 Instit.
760 3693 845 3768 §692
854 3734 863 3763 ,
881 3703 945 3750 not.
960 3711 988 3750 e.

210 3792 255 3870 (3)
276 3793 386 3867 Expos.
400 3803 480 3849 anat.
493 3804 529 3848 tr.
544 3793 595 3849 des
607 3801 696 3854 artes.
707 3811 738 3847 n.
754 3797 826 3863 rto,
841 3803 896 3848 ete.

211 3892 255 3970 (ί.)
277 3893 402 3949 Dissert.
420 3891 471 3950 cit.
484 3897 500 3964 ς
513 3911 560 3964 17,
576 3911 612 3968 19
625 3904 654 3950 et
666 3912 742 3967 seq„
760 3903 789 3948 et
802 3893 855 3962 28,
869 3892 921 3962 36,
937 3888 984 3958 45.
997 3890 1083 3948 Adde
1100 3909 1180 3950 uune

165 3992 280 4055 Furio.
296 3991 366 4052 icon
377 4003 457 4054 ruat.
471 3992 504 4066 6,
518 4002 548 4075 et
562 3991 705 4056 Gratiani
718 3989 784 4050 hist.
800 3991 839 4066 6,
855 3989 904 4070 fig.
923 4009 953 4050 ι.
