2784 5088
250 423 320 470 cm.
336 421 386 469 ιν.
405 421 452 468 os
467 419 604 468 moums
617 419 818 483 cursuum,
837 411 906 470 ete.
920 423 1032 474 musr.
1046 407 1109 475 mi.
1135 403 1207 494 433
1223 491 1224 496 ¹

193 536 276 608 bile
299 548 355 608 est
372 532 411 604 id
430 531 588 604 remedii
616 527 728 606 fuisse
760 533 974 624 desertum,
1001 553 1039 610 et
1059 539 1106 612 ad
1131 543 1212 616 illas

194 653 476 749 huncquoque
504 647 600 722 adde
633 675 715 748 quae
746 675 791 722 ex
819 655 991 750 proxima
1018 656 1209 730 Mediaviae

197 767 359 842 historia
375 766 576 864 colligitur.

254 912 310 984 19.
328 889 451 956 Puero
464 907 585 956 annos
597 899 686 956 nato
697 883 745 955 ad
760 885 1212 987 quatuordecim,pertica

196 1006 319 1077 ictum
330 1000 451 1074 fuerat
463 1000 1212 1099 alterumsincipitislatus,circamedium

193 1119 588 1218 quidudum-mensem
619 1119 710 1188 anni
736 1119 838 1216 1739.
867 1119 1008 1193 Eodem
1040 1137 1214 1222 tempore

195 1238 283 1310 seni
295 1261 451 1334 quoque
465 1259 685 1334 percussum
702 1233 821 1310 fuerat
832 1253 955 1335 caput.
973 1243 1143 1338 Uterque
1159 1233 1207 1313 ab

196 1356 279 1427 ictu
293 1354 495 1442 ceciderat,
509 1368 727 1441 vomuerat,
742 1369 778 1426 et
790 1379 880 1426 mox
889 1353 986 1427 febri
1000 1357 1211 1454 prehensus

195 1487 292 1546 erat.
304 1475 476 1569 Uterque
489 1472 541 1541 in
558 1470 659 1543 idem
678 1473 942 1543 nosocomium
968 1475 1149 1572 recipitur
1173 1490 1211 1548 et

195 1575 369 1688 paritum
377 1587 530 1676 medici,
544 1603 625 1660 tum
638 1587 1026 1688 chirurgi,diligentia
1043 1608 1208 1664 curatur.

195 1711 389 1778 Hactenus
404 1705 539 1778 similia
554 1701 691 1778 omitia.
715 1709 827 1778 Nunc
845 1707 1034 1806 disparem
1048 1711 1215 1807 primum

197 1825 328 1922 pueri,
345 1821 482 1896 deinde
501 1823 599 1894 senis
619 1823 759 1926 exitu-m
779 1825 917 1922 accipe.
939 1829 1104 1898 Puerum
1123 1853 1211 1900 cum

188 1939 316 2013 ‚febris
330 1940 547 2037 reliquisset
567 1941 665 2012 circa
680 1939 780 2012 diem
798 1957 994 2039 quartum,
1011 1943 1214 2034 undecimo

197 2046 339 2130 iterum
367 2057 499 2128 adorta
529 2071 604 2144 est,
637 2072 793 2154 torpore
831 2081 993 2156 semper,
1036 2084 1214 2132 nonnun-

197 2199 317 2275 quam
347 2174 480 2248 delirio
517 2175 675 2272 stipata,
708 2189 771 2246 aut
799 2160 1112 2248 convulsionibus
1150 2192 1215 2250 aut

197 2293 412 2391 sanguinis,
440 2292 548 2388 cujus
564 2291 641 2389 jam
666 2292 752 2363 satis
769 2293 947 2364 emissum
970 2275 1093 2365 fuerat
1111 2295 1212 2366 inter

199 2413 325 2499 initia,
342 2437 362 2482 e
392 2407 558 2496 naribus.
575 2408 787 2505 eruptione.
818 2412 969 2505 Itaque,
993 2410 1107 2482 nullis
1125 2435 1215 2509 pro·

199 2525 419 2600 ficientibus
436 2525 634 2614 remediis,
660 2526 760 2597 intra
786 2549 996 2623 perpaucos
1021 2527 1100 2600 dies
1119 2529 1215 2601 inte-

196 2644 1212 2743 riit.Crauiumvelpraeclaralueeoppositainspectum,

197 2789 281 2836 non
290 2763 403 2834 modo
414 2788 492 2834 nou
504 2760 647 2850 fissum,
658 2761 723 2834 sed
734 2762 829 2833 nihii
841 2758 917 2834 fere
929 2762 1133 2836 ostendens
1143 2765 1214 2838 dis

199 2881 371 2952 criminis
384 2893 577 2978 repertum
591 2893 665 2967 est,
685 2881 715 2950 si
732 2901 948 2977 percussam
965 2895 1108 2976 partem
1123 2905 1211 2952 cum

197 2997 350 3095 reliqua
365 3019 613 3096 comparares.
626 2999 769 3067 Verum
784 2997 883 3068 inter
902 3019 1119 3093 percussam
1134 3021 1215 3095 par·

198 3131 302 3204 tem,
328 3113 539 3212 duramque
572 3113 787 3210 meningem
821 3113 1016 3210 quidpiam
1042 3115 1143 3183 muci
1165 3119 1215 3185 si·

200 3232 294 3304 mile
312 3235 496 3310 occurrit,
521 3245 558 3302 et
578 3228 709 3302 subeo
728 3229 884 3298 meninx
905 3229 969 3300 illa
989 3228 1117 3302 colore
1137 3255 1216 3302 non

201 3373 286 3424 suo.
304 3354 408 3422 Inter
424 3352 543 3448 ipsam
561 3372 652 3418 vero
674 3361 711 3418 et
728 3347 943 3445 meningem
967 3346 1121 3419 alteram
1139 3373 1216 3448 qua

200 3481 325 3540 totam
342 3465 622 3565 propemodum
651 3462 905 3560 hemisphaerii
926 3463 1027 3536 illius
1047 3468 1222 3563 superio,

199 3609 287 3658 rem
312 3581 444 3656 faciem
473 3581 747 3671 convestiebat,
772 3605 845 3679 pus
878 3607 923 3653 ex
951 3578 1048 3654 flavo
1072 3581 1215 3672 viride,

201 3700 344 3788 fetens,
377 3702 561 3789 multum,
585 3699 773 3797 meningis
805 3713 931 3771 autem
958 3701 1076 3797 ipsius
1100 3724 1215 3795 quan·

204 3835 291 3892 tum
306 3843 401 3918 pure
419 3818 629 3894 obductum
657 3814 796 3904 fuerat,
823 3831 969 3888 tantum
988 3829 1067 3886 erat
1090 3815 1216 3912 triplo,

204 3953 275 4010 aut
306 3937 522 4036 quadruplo
559 3935 718 4007 crassius
758 3931 918 4020 factum,
950 3945 988 4004 et
1019 3930 1216 4030 superficie

284 4051 320 4128 6.
1044 4047 1092 4125 28
