2828 4652
278 488 344 535 roa
439 476 486 533 ot
512 483 657 534 spossus
683 487 727 532 ur
753 485 876 534 causis
902 485 1111 534 nonnosum

271 603 372 672 riore
397 619 689 700 proposueram,
717 601 846 672 amicis
877 599 1049 689 ostendi,
1077 597 1279 672 subalbum

275 719 377 818 quali
398 718 436 790 in
463 739 504 788 ea
528 715 685 806 femina,
706 737 831 815 neque
860 717 910 788 ita
944 729 1087 816 pauco,
1115 715 1283 791 abunda·

274 836 387 924 bant,
408 835 609 906 humorem
625 835 850 933 exprimens.
865 835 954 905 Mox
973 836 1083 906 etiam
1103 835 1284 934 lympha-

276 955 411 1026 ductu's
435 951 534 1026 uteri
562 950 810 1024 animadverti
834 963 871 1024 et
894 951 1174 1043 demonstravi,
1192 977 1285 1052 que-

272 1071 520 1144 madmodutn
531 1085 567 1144 et
576 1071 668 1143 lutei
679 1072 849 1170 corporis
866 1073 904 1142 in
923 1081 1016 1143 teste
1034 1071 1156 1144 altero
1168 1087 1286 1146 struo·

270 1205 408 1263 turam.
430 1189 503 1260 Sed
519 1189 572 1286 ‚de
591 1187 670 1278 his,
690 1197 726 1259 et
743 1187 791 1259 de
808 1187 991 1260 teretibus
1010 1190 1107 1260 uteri
1123 1187 1287 1260 vinculis

274 1321 470 1406 quantam,
482 1306 533 1378 ob
551 1329 636 1378 vasa
654 1305 793 1404 quibus
819 1318 993 1404 magnam
1015 1317 1163 1404 partem
1183 1329 1288 1378 corn·

276 1425 513 1522 pinguntur,
546 1425 727 1522 sanguine
772 1421 962 1514 distenta,
1001 1423 1288 1496 crassitudinem

272 1540 480 1630 haberent,
497 1552 534 1613 et
548 1540 594 1614 de
608 1555 718 1614 utero
732 1542 814 1640 ipso
830 1539 970 1638 quibus
991 1567 1037 1613 ex
1058 1541 1185 1629 fibris,
1200 1543 1290 1614 sini-

274 1657 424 1758 busque
441 1673 630 1733 constaret
644 1674 680 1732 et
694 1659 776 1746 his,
793 1663 965 1757 vasisque
986 1656 1212 1758 sanguiferis
1229 1685 1290 1732 ex-

274 1777 479 1850 terioribus
505 1800 619 1876 quam
642 1778 799 1876 amplis,
828 1793 910 1849 tum
930 1777 977 1850 de
1004 1779 1145 1850 uterini
1165 1779 1291 1850 osculi

254 1894 541 1994 amplitudine,
567 1919 638 1968 nec
669 1895 808 1968 minori
834 1895 1010 1984 cervium,
1043 1917 1156 1993 quam
1181 1893 1292 1968 fundi

277 2015 395 2112 ipsius
426 2011 664 2103 dilatatione,
692 2012 931 2114 creberrimis
962 2013 1128 2112 denique
1154 2015 1194 2084 in
1222 2013 1313 2084 illo·

279 2129 431 2220 oscul0‚
450 2134 601 2230 imaque
633 2131 778 2204 cervice
812 2133 976 2204 mucosis
1002 2129 1213 2231 glandulis3
1243 2129 1290 2202 de

278 2249 543 2348 his‚inquam,
567 2245 745 2321 omnibus
764 2251 851 2321 satis
871 2251 910 2319 in
939 2249 1083 2346 quartis
1105 2247 1288 2321 Adversa·

168 2405 170 2414 ·
280 2367 410 2464 riis(1)
427 2370 609 2466 scriptum
627 2379 690 2438 est.
702 2363 813 2439 Nunc
830 2369 861 2440 si
876 2365 968 2464 quid
987 2365 1040 2438 ibi
1057 2379 1136 2438 uon
1153 2359 1289 2439 habuit

281 2483 1288 2582 locum,estadjiciendum,utillam‚quemadmodum

189 2697 190 2700 Ἴ
279 2603 456 2701 promisi,
472 2603 552 2700 jam
564 2615 680 2674 totam
696 2603 835 2676 habeas
847 2601 1288 2676 observationemTestis

156 2777 160 2784 .
216 2743 218 2749 ’
281 2731 442 2819 uterque
474 2745 553 2792 non
576 2721 656 2792 sine
683 2721 810 2820 aliquo
836 2720 876 2792 ln
911 2719 1110 2820 superficie
1138 2720 1294 2812 forami-

281 2837 375 2910 nulo
397 2855 621 2937 conspectus
646 2848 718 2928 est,
742 2865 811 2938 per
832 2839 937 2937 quod
961 2853 1074 2912 tenue
1095 2837 1292 2938 specillum

282 2959 397 3044 intro
412 2949 688 3029 admittebatur.
710 2961 755 3028 In
784 2955 849 3028 lllo
874 2973 996 3028 autem
1026 2957 1159 3030 eodem
1184 2973 1294 3046 teste,

283 3078 420 3173 inquo
442 3075 585 3146 luteum
614 3093 775 3174 corpus,
809 3071 1046 3148 subrotunda
1078 3071 1148 3147 fuit
1175 3095 1293 3158 ossea
1324 3105 1327 3112 ·

238 3183 239 3193 ¹
284 3185 440 3280 cellula,
456 3197 496 3264 in
513 3191 701 3292 hujusque
719 3193 810 3265 cavo
829 3187 1292 3267 cruentushumor.Tubae

286 3310 476 3410 longiores
513 3331 626 3410 quam
658 3311 746 3384 allas
771 3310 902 3385 solent.
940 3313 1093 3411 Vaginae
1131 3313 1292 3410 parietes

285 3419 491 3518 extenuati,
508 3427 664 3529 ipsaque·
682 3431 802 3501 multo
820 3429 974 3528 quidem
1002 3431 1126 3518 latior,
1149 3427 1215 3501 sed
1236 3431 1293 3500 ni-

284 3549 364 3620 hilo
379 3548 547 3637 brevior,
563 3550 668 3646 rugis
682 3563 809 3620 autem
829 3547 1011 3620 duntaxat
1026 3549 1189 3646 aliquot,
1208 3571 1294 3618 ure-¹

285 3665 378 3736 thrae
410 3667 561 3764 corpori
598 3665 780 3764 glandoso
815 3663 1145 3766 respondentibus.
1186 3666 1291 3754 Uteri

287 3783 458 3854 osculum
490 3809 534 3854 ex
563 3783 682 3855 rubro
712 3785 945 3882 nigrescenm
978 3798 1015 3856 et
1035 3783 1174 3855 alicubi
1194 3782 1290 3854 lace·

323 4055 366 4139 (1)
387 4059 545 4116 Animadv.
561 4078 651 4137 supra
661 4061 699 4116 ad
711 4079 740 4116 n.
756 4062 792 4126 43
806 4061 952 4118 indicatis.
