2872 4660
144 476 214 522 mn.
242 453 861 545 tn.nnnonntsvuunn1s‚en1sr.
888 477 1016 524 xnvtu.
1056 449 1102 549 75
1129 461 1131 466 ’
1171 467 1198 554 J,

98 593 308 666 observatio
337 615 419 689 quae
438 608 628 691 postrema
653 592 825 664 omnium
855 589 944 664 huic
967 590 1101 690 Sepul-

98 710 216 784 chreti
232 713 421 782 XXXVIII
436 711 595 784 sectioni
610 709 738 782 addita
755 725 831 799 est,
849 711 998 782 videtur
1016 711 1102 782 illo-
1161 688 1166 708 ’

98 853 179 900 rum
197 827 395 930 suffragari
411 829 614 904 sententie.
634 831 793 903 Causam
818 845 944 901 tamen
969 829 1102 928 praeci·

100 973 209 1046 puam
233 965 378 1021 veteres
393 949 433 1019 in
449 943 691 1020 vinculorum
707 949 860 1020 alterius
874 949 991 1047 partis
1007 973 1101 1022 con-

99 1068 280 1140 tractione
293 1119 306 1164 ,Ι
332 1081 397 1138 aut
426 1067 538 1139 etiam
561 1065 790 1140 relaxatione
818 1066 1030 1166 ponebant,
1059 1079 1104 1139 ut

101 1209 186 1258 sana
203 1209 293 1285 pars
312 1185 359 1256 ad
374 1199 628 1276 contractam,
646 1185 706 1256 vel
718 1186 879 1258 relaxata
906 1185 954 1256 ad
970 1209 1101 1258 sanam

102 1304 363 1379 adducet-etun
378 1305 552 1394 Quorum
566 1305 791 1377 sententiam
819 1304 867 1376 ab
891 1297 1103 1376 adventitiIs

99 1423 333 1495 vinculorum
346 1422 499 1496 illorum
515 1423 613 1496 titiis
627 1423 675 1494 ad
697 1447 832 1522 eaquae
851 1421 1103 1523 aprimordiis

101 1565 249 1640 quoque
271 1563 351 1614 esse
368 1555 551 1640 possunt,
567 1539 771 1613 transferre
789 1541 901 1614 nobis
926 1542 1105 1640 licetpen

102 1683 142 1732 en
155 1683 237 1758 quae
250 1661 293 1731 in
314 1651 605 1736 dissentionibus
623 1659 882 1733 animadversa
905 1651 1102 1732 babemus.

101 1778 272 1852 breviora
288 1779 391 1850 enim
410 1779 567 1852 sinist'rae
577 1779 695 1878 partis
720 1777 874 1850 vincula
901 1779 941 1849 iu
972 1792 1104 1850 tenera

103 1897 321 1996 virguncula
354 1898 532 1976 Bononiae
559 1898 779 1970 invenimus
800 1911 984 1970 autumno
1013 1895 1106 1968 anni

107 2017 214 2115 1706,
228 2015 334 2094 unde
356 2029 487 2092 uncus
502 2017 761 2089 sinistrorsum
788 2014 978 2114 vergebat.
999 2011 1106 2086 Nihil
1188 2073 1190 2082 ,

105 2149 220 2208 autem
233 2133 416 2234 probibet
435 2135 664 2224 existimare,
677 2131 817 2232 quibus
831 2147 963 2204 uterus
977 2146 1043 2204 aut
1056 2131 1104 2204 ab

106 2253 350 2326 nativacausa
361 2307 376 2342 „
394 2265 459 2324 aut
475 2251 524 2324 ab
544 2251 748 2324 adventitia
767 2253 806 2322 in
833 2251 930 2322 latus
946 2249 1106 2322 alterurn

106 2383 154 2441 est
170 2371 396 2460 inclinatus,
409 2372 450 2445 in
466 2371 540 2460 iis,'
560 2393 648 2442 cum
664 2383 905 2468 pregnantes
920 2365 1035 2454 fiunt,
1063 2367 1106 2437 in

106 2485 196 2560 idem
206 2489 325 2576 letus,
340 2489 413 2561 uisi
427 2487 521 2587 quid
537 2485 634 2569 forte
646 2487 789 2577 obstet,
804 2485 982 2587 pendere.
993 2489 1106 2559 Cette

108 2607 199 2677 enim
224 2607 278 2680 sic
308 2607 439 2705 primis
467 2605 661 2680 mensibus
686 2605 823 2679 eodem
849 2603 1014 2705 pendeat
1039 2627 1106 2676 ne-

108 2745 200 2796 ccsse
225 2743 293 2798 est.
323 2730 417 2798 Cum
438 2740 564 2798 autem
592 2727 645 2798 sic
671 2725 845 2824 pendens
879 2723 1105 2827 increverit:

108 2842 170 2912 etsi
200 2857 334 2941 postea
361 2865 475 2942 supra
508 2844 711 2950 Iigatnenta
741 2867 781 2915 se
818 2841 992 2929 extollit3
1025 2839 1107 2912 veri

106 2959 253 3056 quidem
285 2961 443 3034 similius
470 2972 562 3048 est‚‘
578 2977 620 3033 ut
644 2985 760 3059 quam
787 2961 826 3032 in
858 2975 1005 3060 partem
1023 2982 1107 3030 ver·

110 3098 187 3171 gere
220 3079 354 3178 coepit,
380 3081 421 3150 in
451 3078 623 3150 eamdem
660 3095 801 3178 pergat.
835 3079 966 3150 Plures
991 3075 1109 3175 igitur

109 3189 215 3268 habes
236 3221 372 3270 causas
389 3197 528 3296 quibus
543 3199 663 3289 uteri,
694 3195 881 3296 sectusque·
905 3191 1108 3292 obliquita-

110 3323 178 3382 tem
203 3315 404 3390 adscribas.
437 3320 515 3389 Nec
536 3339 627 3388 vero
658 3339 773 3415 quam
804 3329 999 3414 postremo
1020 3311 1107 3384 loc'o

110 3433 316 3525 posuimus,
338 3437 523 3510 rariorem
547 3447 706 3534 putat03
735 3433 908 3533 quamvis
941 3429 1108 3504 necdum

111 3549 171 3643 qui
186 3551 335 3625 Graafio
356 3553 410 3651 (1)
423 3549 994 3652 astipulentur‚deessevideas,
1012 3547 1107 3621 obli·

112 3688 222 3761 quum
230 3687 379 3744 uterum
392 3671 645 3774 *quandoquffi
667 3671 754 3742 Iz'cet
772 3677 913 3758 tardus,
934 3693 972 3741 se
987 3663 1107 3740 offen·

113 3781 220 3876 disse,
238 3789 426 3863 scribenti.
441 3789 536 3862 Mihi
553 3805 655 3864 certe
674 3789 713 3862 id
727 3784 1108 3874 nonraroaccidisse,

118 3941 1114 3974 *mmm-¹⁸1⁸·-

147 4042 187 4124 (1)
207 4049 251 4109 De
267 4051 383 4112 mulier.
397 4067 503 4131 urgan.
521 4053 587 4112 cd.
696 4103 697 4106 ,
