2872 4660
271 470 295 556 4
436 489 483 536 ne
509 485 655 538 sautans
681 489 724 535 nr
749 485 872 536 cinus
899 487 1109 540 nonnonuu

270 601 455 676 satisalias
474 600 568 698 quid
586 599 885 690 observaverim,
902 601 942 674 in
957 603 1188 680 Adversariis
1203 609 1284 706 (r),

265 718 358 818 quid
371 733 495 790 autem
510 740 704 804 censeam,
718 712 799 789 fuse
807 717 847 787 in
862 743 908 790 eo
925 745 1110 820 responso
1126 723 1272 798 dictum

266 851 321 910 est
340 835 445 936 quod
465 833 683 908 inscribitur
695 835 1218 934 superjudicioobstetricum
1230 843 1279 915 de

270 953 437 1026 mulieris
449 955 676 1046 virginitate.

317 1100 349 1142 α.
372 1071 412 1141 ln
435 1069 600 1141 sectione
623 1069 733 1138 etiam
747 1072 940 1142 XXXVIII
955 1098 1035 1144 non
1053 1098 1173 1172 pauca
1187 1091 1277 1149 sunt

267 1214 350 1288 quae
371 1203 435 1259 aut
457 1212 535 1256 non
554 1210 599 1258 eo
623 1185 708 1258 loco
728 1189 841 1284 poni,
863 1203 927 1260 aut
944 1189 1088 1286 adjecta
1106 1194 1277 1266 animad-

263 1306 436 1377 versione
467 1304 593 1402 aliqua
624 1305 782 1374 omnino
813 1306 1009 1378 emendari
1038 1308 1272 1384 debuissent.

265 1427 397 1521 Neque
413 1423 513 1494 enim
529 1447 600 1521 pro
616 1422 675 1494 bis
692 1424 813 1520 possis
833 1423 960 1496 dicere
978 1427 1083 1524 quod
1103 1453 1176 1527 pro
1195 1420 1277 1528 ple*-

264 1543 392 1640 risque
423 1566 556 1613 corum
587 1539 742 1613 fortasse
771 1565 853 1640 quae
877 1567 991 1641 supra
1019 1561 1146 1619 notata
1166 1563 1277 1638 sunt,

266 1661 448 1730 nimirum
475 1683 554 1756 quo
576 1673 749 1756 tempore
774 1658 1007 1750 edebantur,
1037 1664 1202 1735 necdum
1233 1665 1279 1738 iis

266 1777 421 1865 meliora
456 1775 568 1849 luisse
602 1777 796 1874 proposita
825 1804 833 1846 τ
865 1803 1084 1877 quanquam
1116 1798 1154 1853 et
1181 1799 1300 1878 tunc

266 1897 388 1968 multo
412 1895 570 1965 meliora
594 1895 671 1990 jam
699 1893 941 1992 prodierant,
969 1912 1006 1969 et
1032 1914 1136 1970 tanto
1161 1903 1279 2001 magis

266 2039 312 2086 eo
326 2029 498 2111 tempore
516 2035 594 2109 quo
609 2007 899 2109 Sepulcbretum
917 2037 1114 2104 recusum,
1131 2033 1168 2089 et
1189 2043 1279 2092 auc-

266 2147 347 2206 tum
372 2146 437 2203 est.
470 2131 617 2202 Scilicet
648 2130 918 2202 recentissimis
951 2131 1279 2211 observationibus

266 2267 363 2348 opus
382 2273 460 2319 non
481 2245 617 2334 fuerat,
636 2261 678 2318 ut
696 2245 794 2335 baec,
816 2273 981 2344 quorum
1008 2249 1133 2349 aliqua
1156 2256 1277 2324 conti-

264 2391 343 2438 nuo
361 2363 557 2452 indicabo,
578 2388 656 2434 nou
677 2366 757 2435 sine
776 2366 1044 2438 emendatione
1060 2367 1276 2466 proferren-

263 2500 337 2572 tur,
359 2482 622 2555 observatione
641 2485 667 2552 Ι.
694 2485 745 2553 Ut
770 2476 940 2556 omittam
965 2485 1138 2583 quaedam
1157 2489 1197 2558 in
1216 2513 1278 2560 cu·

261 2602 411 2702 jusdam
421 2598 533 2672 loetus
551 2597 605 2696 (a)
623 2597 849 2672 dissectione
864 2602 915 2674 ita
930 2605 1116 2703 proponi,
1132 2621 1175 2676 ut
1190 2629 1276 2678 cum

264 2718 474 2794 secundum
489 2732 661 2788 naturam
677 2720 769 2806 sint,
784 2719 864 2817 ipsa
878 2745 1069 2819 quoquea
1087 2723 1277 2822 plerisque

263 2835 470 2912 lectoribus
490 2833 593 2907 credi
611 2836 757 2933 possint
775 2835 822 2908 ad
841 2837 1014 2910 vitiosam
1037 2841 1277 2914 constitutio·

263 2981 351 3030 nem
368 2953 579 3040 attinuisse3
598 2953 683 3050 quis
696 2950 789 3024 ferat
806 2952 864 3051 (3)
885 2951 1098 3029 funiculum
1115 2956 1275 3031 foetuum

237 3119 239 3123 v
263 3071 518 3148 umbilicalem
538 3076 781 3144 communiter
797 3087 834 3143 et
851 3077 889 3142 in
903 3075 1075 3146 omnibus
1096 3075 1275 3151 ulnarum

262 3189 411 3286 aliquot
429 3186 659 3285 longitudine
680 3212 758 3264 esse
769 3187 915 3259 solere?
938 3205 1003 3262 aut
1029 3191 1273 3288 quisvmirum

260 3331 339 3380 esse
354 3305 570 3401 credat(l)a
584 3304 735 3393 femina,
747 3329 830 3403 quae
841 3308 976 3404 septies
993 3307 1156 3394 abortiit,
1174 3335 1275 3386 nunc

262 3427 445 3512 breviore,
463 3449 561 3498 nunc
579 3423 747 3520 longiore
758 3447 785 3493 α
800 3439 981 3523 conceptu
995 3435 1172 3530 temporis
1185 3454 1273 3528 spo»
