2854 4660
222 431 291 475 tm.
307 429 353 476 ιν.
370 429 417 475 or
435 429 571 476 nouam
583 429 780 490 cernuas,
799 419 867 476 etc.
881 429 992 476 rrrsr.
1008 430 1055 477 m.
1085 405 1157 496 343

147 543 305 641 (mensis
329 542 557 637 eratjunius
582 545 672 612 anni
699 541 804 638 1689>
826 527 1048 613 vulneribus
1081 533 1160 614 om·
1184 625 1185 630 ἵ

146 661 261 732 nibus
280 659 579 756 superveniebat.
601 659 738 756 Aliquo
758 673 843 756 post
862 674 1033 756 tempore
1053 663 1159 756 quasi

145 777 248 848 fatua
267 801 363 874 sagra
380 775 497 866 facta,
518 779 578 848 vix
595 777 789 862 audiebat,
807 801 886 848 nou
908 777 1157 874 loquebatur,

146 897 188 964 in
211 895 399 966 adstantes
419 896 550 968 oculos
573 892 769 990 defigebat.
802 897 966 968 Accessit
992 893 1158 990 denique

144 1013 443 1109 totiuscerporis
459 1027 628 1088 tremor:
656 1037 735 1108 quo
760 1012 920 1084 durante
943 1027 1091 1083 mortua
1106 1026 1161 1084 est

147 1131 261 1201 initio
279 1130 356 1200 diei
372 1130 692 1227 duodetrigesimi.

195 1252 247 1320 Os
259 1248 427 1319 vulneris
451 1247 664 1344 subjectum
690 1273 805 1346 parva
821 1248 984 1322 exterius
1001 1245 1108 1318 fovea
1122 1262 1159 1318 et

142 1363 673 1464 quasiloramineexeavatum
691 1381 790 1454 erat,
808 1367 952 1437 circum
970 1365 1076 1462 quod
1086 1382 1161 1436 tres

143 1483 480 1582 conspiciebantur
500 1485 613 1560 rimae.
628 1485 700 1556 Sed
714 1507 839 1582 neque
856 1482 934 1571 hae,
950 1507 1091 1580 neque,
1110 1479 1163 1560 fe.

141 1625 275 1674 ramen
285 1600 333 1672 ed
350 1601 1024 1701 interioraperveuiebant.Meninges
1036 1615 1161 1672 tamen

139 1743 217 1816 qua
250 1733 356 1816 parte
381 1719 531 1790 vulneri
564 1719 870 1819 respondebant,
904 1742 1020 1790 erosae
1052 1731 1160 1790 erant

139 1835 315 1922 ambae,et
329 1834 422 1908 hinc
437 1861 564 1916 setosa
585 1839 766 1914 colluvies
783 1835 976 1935 prodibat,
991 1859 1074 1933 quae
1091 1858 1161 1932 per

139 1953 357 2026 universam
394 1954 542 2028 cerebri
577 1955 821 2030 substantiam
851 1952 1010 2039 diffusa,
1056 1953 1159 2050 gravi
1220 1967 1221 1974 ’

143 2075 266 2169 ipsam
284 2071 429 2158 odere,
454 2088 492 2144 et
510 2076 719 2172 nigricante
741 2074 869 2145 colore
889 2069 1080 2142 infecerat.

156 2235 160 2242 ·
198 2190 251 2262 13.
276 2187 425 2263 Silorte
456 2191 590 2266 eadem
609 2189 740 2264 fuisset
767 2204 969 2288 tempestas
995 2211 1090 2284 qua,
1117 2201 1161 2258 ut

143 2308 264 2404 bujus
279 2309 454 2406 virginit,
473 2310 525 2382 sic
541 2325 578 2382 et
590 2309 781 2394 mulieris,
799 2323 836 2382 et
844 2310 943 2381 senis
955 2305 1002 2378 de
1020 2304 1161 2402 quibus

140 2426 374 2514 novissime,
392 2441 429 2498 et
447 2427 582 2515 viride
600 2451 678 2525 quo
697 2427 807 2498 initio
821 2423 1159 2520 ferme(1)dietum

140 2559 220 2630 est,
236 2543 372 2640 capitis
392 2545 538 2617 vulneri
557 2569 755 2644 gangraena
770 2545 947 2632 accessit;
964 2543 1071 2614 locus
1084 2539 1160 2612 huc

142 2659 275 2732 forsan
288 2661 464 2734 attineret
479 2689 525 2734 ex
544 2663 642 2736 libro
659 2667 710 2738 IV
729 2661 1013 2760 Epidemiorum
1025 2658 1079 2755 (α)
1097 2685 1104 2728 :
1123 2664 1160 2727 in

148 2783 252 2850 AEno
267 2785 488 2876 quicumque
502 2787 625 2880 capite
637 2780 847 2867 vulnerati,
865 2777 1012 2850 horridi
1023 2790 1134 2850 erant
1151 2829 1162 2863 ,

149 2895 311 2993 maligni
320 2912 381 2986 ,et
392 2906 611 2997 suppurati,
637 2901 795 2973 omniuo
825 2912 950 2968 autern
976 2922 1018 2968 ea
1047 2917 1162 2992 quam

150 3017 235 3086 istic
255 3017 294 3086 in
316 3016 563 3114 Sepulchreto
574 3017 629 3115 (3)
646 3017 786 3101 habes,
803 3014 934 3112 Pigraei
948 3012 1163 3085 observatio

151 3157 297 3204 annum
311 3133 514 3230 quemdam
523 3135 770 3206 memorantis
788 3138 825 3202 in
845 3155 919 3229 quo
940 3135 1073 3227 capitis
1088 3151 1166 3198 om·

145 3252 258 3322 nibus
271 3250 493 3322 vulneribus
503 3275 629 3350 prope
642 3249 923 3352 superveniebat
942 3269 1162 3343 gungroena.

149 3368 331 3460 Quaedam
352 3383 453 3441 certe
476 3395 597 3468 pravae
631 3384 696 3442 aut
728 3368 995 3444 alimentorum
1024 3387 1166 3462 praece·

149 3484 309 3574 denteS,
326 3502 390 3560 aut
408 3489 513 3561 'aeris
537 3503 764 3588 praesentes,
784 3483 1026 3582 quantumvis
1049 3483 1167 3554 inter-

192 3783 237 3860 (1)
258 3787 295 3840 N.
320 3788 347 3842 3.

193 3880 236 3960 (a)
259 3885 296 3938 N.
316 3885 353 3940 26
370 3885 451 3959 apud
462 3885 610 3942 Merinell.

197 3982 241 4058 (3)
263 3985 299 4040 ln
314 3983 416 4043 Schol.
432 3986 501 4065 ads
516 3987 554 4058 6,
568 3987 631 4044 obs
646 3987 675 4042 6.
