2872 4660
326 431 373 530 78
479 451 526 500 os
552 447 698 498 ssomos
723 447 766 495 ιι
793 447 917 496 clusis
942 447 1153 498 ιιοιιοιιιιι
1182 436 1185 441 ’

322 569 396 644 bus
408 582 556 640 uterum
575 563 797 634 inclinatum
817 561 918 650 vidi,
939 585 988 634 ne
1013 561 1327 640 claudicationem

323 685 478 788 quidem
493 737 509 771 ‚,
517 663 660 756 nedum
676 683 749 785 isto¹
761 680 832 752 alia
848 680 963 756 tuisse
982 683 1022 754 in
1048 681 1124 756 ulla
1140 683 1328 780 ipsarum,

321 802 579 878 animadverti.
596 798 708 894 Quod
729 823 819 870 vero
832 800 1143 898 Hippocrateslt)
1161 803 1328 900 scripsit,

321 929 356 996 si
366 935 542 1022 expartu
555 945 638 992 crus
655 921 705 991 ab
723 923 836 990 uteris
846 917 1024 992 claudum
1027 921 1181 1011 fuctum
1187 923 1331 1012 fuerit,

321 1041 362 1114 id
379 1057 434 1114 est
448 1093 458 1128 ,
474 1055 517 1112 ut
532 1038 623 1111 alibi
636 1038 692 1132 (ι)
711 1037 888 1136 explicat,
911 1039 963 1152 ub
978 1045 1092 1112 uteris
1116 1039 1172 1112 ad
1192 1065 1332 1114 coxam

317 1158 595 1234 declinantibus
604 1184 617 1246 ,·
638 1155 676 1226 id
691 1155 886 1252 quomodo
902 1155 1112 1254 intelligas,
1131 1156 1185 1230 ibi
1199 1174 1330 1232 osteu-

323 1277 389 1350 det
404 1278 635 1349 Reimannus
651 1275 706 1372 (3)
723 1271 789 1348 ubi
814 1273 913 1363 duo,
934 1273 982 1348 ab
1008 1299 1047 1348 se
1064 1277 1164 1362 visa,
1190 1276 1333 1352 claudi·

325 1396 485 1472 cationis
501 1419 546 1466 ex
560 1405 670 1502 partu
687 1391 866 1491 producit
878 1393 1064 1492 exempla.
1078 1395 1202 1468 Velim
1217 1397 1332 1470 eriam

203 1530 205 1534 ’
324 1514 427 1614 legas
443 1513 487 1584 cl.
505 1511 807 1610 Seboenmezleri
818 1509 1154 1609 (4)conjecturam‚
1170 1514 1335 1612 quicum

327 1632 461 1730 saepius
477 1655 683 1730 puerperas
703 1628 906 1704 audivisset
929 1645 1015 1728 post
1033 1645 1183 1729 partum
1203 1629 1337 1706 diffici-
1418 1657 1419 1682 ³

326 1751 402 1824 lem
415 1748 463 1822 de
475 1750 765 1848 gravisimum,
781 1753 819 1818 in
834 1753 986 1845 regione
1003 1749 1249 1823 troctameris
1262 1775 1337 1824 mo·

318 1872 440 1968 joris,
456 1867 590 1940 dolore
613 1881 824 1964 querentes,
848 1872 1060 1965 pariterue
1080 1866 1128 1940 de
1152 1873 1338 1960 tructione

326 1987 491 2086 ejusdem
507 1991 719 2072 exteriora,
744 2009 808 2056 seu
822 1990 1037 2082 posteriora
1068 2010 1199 2058 versus
1220 1994 1338 2059 sensi·

327 2105 411 2194 bili,·
428 2101 751 2176 animadvertisset
764 2115 908 2190 autem,
926 2100 1131 2192 similibus,
1158 2110 1233 2176 imo
1256 2129 1338 2178 ma·

318 2225 470 2322 joribus
493 2219 738 2296 incommodis
767 2221 893 2294 vexari
918 2221 1125 2319 virginem,
1159 2245 1339 2298 cancroso

327 2343 469 2439 vaginae
487 2339 586 2428 uteri
605 2339 860 2412 excrescentia
882 2338 1137 2428 laborantem
1155 2341 1338 2438 conjecit,

329 2459 544 2560 proximum
555 2472 666 2530 utero
683 2458 724 2528 in
743 2456 860 2554 pelvis
874 2452 968 2532 facie
984 2458 1165 2532 interiore
1183 2483 1341 2534 muscu-

331 2577 412 2648 lum
444 2575 707 2648 obturatorem
736 2577 930 2650 internum
955 2599 1067 2674 posse
1092 2577 1131 2649 iu
1163 2577 1343 2675 gravibus

330 2708 462 2794 partus
483 2691 697 2781 laboribus,
713 2716 758 2764 ec
788 2691 940 2766 nixibus
966 2693 1165 2783 contundi,
1191 2699 1343 2793 isflom-

221 2845 223 2854 ¹
331 2816 449 2898 muri,
478 2810 706 2900 exulcerari,
728 2808 795 2884 uel
817 2816 948 2908 quovis
976 2810 1055 2884 olio
1088 2812 1203 2886 modo
1232 2813 1341 2902 leodi,

331 2929 459 3028 sicque
480 2928 653 3004 dolorem
672 2928 800 3014 illum,
819 2953 980 3028 eamque
1008 2932 1235 3004 tractionem
1259 2931 1343 3006 effi·

331 3073 435 3138 cere,
456 3049 598 3148 quippe
615 3049 705 3145 quia
723 3053 761 3118 in
768 3049 891 3139 fovea
915 3047 1163 3122 trochuuteris
1185 3053 1344 3148 majoris

332 3173 562 3240 terminatur.
584 3163 838 3266 Perpendeoti
857 3164 936 3238 hae'o
955 3165 1025 3237 tibi
1042 3163 1149 3240 facile
1167 3169 1207 3240 in
1234 3193 1344 3244 rnen·

332 3299 408 3358 tem
425 3283 570 3372 veniet,
589 3307 699 3382 posse
729 3283 935 3380 aliquando
957 3285 998 3356 in
1019 3281 1182 3358 difficilis
1209 3303 1344 3384 partus

373 3636 415 3720 (ι)
436 3641 481 3696 De
493 3639 592 3696 morb.
608 3639 727 3710 mulier.
739 3640 759 3695 l.
777 3658 802 3716 1,
815 3639 911 3714 ms.

373 3751 416 3836 (ι)
437 3757 472 3812 L.
486 3773 522 3828 ι,
538 3775 570 3811 ιι.
585 3753 633 3812 35.

371 3870 417 3952 (3)
438 3874 540 3930 Schol.
556 3890 647 3946 supra
658 3871 697 3928 ad
711 3891 742 3927 n.
757 3873 791 3928 31
808 3872 860 3929 eit.

372 3988 417 4067 (l)
439 3990 605 4046 Commere.
620 3987 710 4043 litter.
724 4005 771 4044 sn.
788 3987 879 4060 1736,
894 3983 983 4046 hebd.
999 3987 1052 4066 43,
1068 4006 1100 4044 n.
1117 4007 1146 4048 ι.
