2812 4656
282 390 352 468 268
450 413 498 460 ur
523 411 669 462 surmus
694 413 738 460 ar
764 411 889 461 cans1s
914 413 1123 461 uonnoauu

331 525 389 600 35.
410 525 548 598 Mulier
565 527 681 598 altera
699 527 813 624 paulo
834 542 920 624 post
935 525 1060 616 illam,
1080 527 1144 600 sed
1162 529 1208 600 in
1229 555 1299 600 no-

184 641 188 652 “
283 645 468 732 socomio,
481 643 662 732 dissecta,
682 645 721 713 in
743 642 950 741 thyroidaea
971 643 1149 744 glandula
1167 646 1222 716 ad
1242 645 1300 718 ba·

175 853 177 858 Ι
283 764 352 836 sim
380 762 461 833 lobi
487 761 631 834 dexteri
666 760 795 834 album
830 763 1098 860 corpusculum
1131 763 1302 840 habebat

284 881 389 978 grani
403 882 534 952 ciceris
547 880 826 978 magnitudine,
842 895 879 953 et
898 883 1006 978 quasi
1032 879 1172 970 forma,
1204 907 1301 954 non·

282 997 379 1070 nihil
405 1013 508 1070 extra
536 997 751 1096 glandulam
785 1000 1034 1096 prominens:
1061 999 1167 1096 quod
1205 1001 1301 1071 inci-

282 1115 397 1202 dens,
427 1139 575 1187 osseum
602 1117 729 1214 potius
756 1141 871 1216 quam
897 1115 1187 1215 ‘cartilagineum
1224 1142 1301 1190 esse

284 1234 458 1332 cognovi.
1381 1229 1382 1232 ¹

334 1351 391 1424 36.
406 1355 560 1422 Juvems
581 1375 624 1422 ex
641 1351 754 1424 ascite
771 1353 930 1441 mortui,
951 1377 1038 1427 cum
1048 1353 1214 1423 meliora
1224 1377 1300 1423 non

284 1483 549 1567 suppeterent,
570 1467 731 1559 collum,
754 1486 790 1541 et
808 1485 922 1568 caput
942 1469 989 1541 ad
1005 1485 1213 1544 anatomen
1232 1497 1299 1569 pu-

282 1587 420 1660 blicam
450 1585 717 1660 absolvendam
747 1613 848 1659 anno
885 1595 1000 1686 1747,
1034 1589 1075 1658 in
1102 1587 1298 1664 theatrum

282 1705 383 1778 illata
395 1721 492 1778 sunt.
514 1711 558 1781 In
573 1705 716 1806 quibus
732 1731 819 1778 cum
836 1723 967 1779 caetera
991 1721 1118 1778 tamen
1137 1707 1192 1778 sic
1210 1707 1295 1779 satis

284 1840 408 1897 essent
425 1825 677 1897 intranaturae
693 1824 871 1914 modum,
895 1823 1071 1923 glandula
1096 1849 1216 1922 quam
1239 1849 1297 1897 sre-

282 1941 367 2040 pius
387 1943 689 2032 nominavimuS,
704 1969 811 2040 aequo
833 1945 992 2046 crassior
1008 1941 1099 2031 fuit,
1119 1941 1168 2014 ad
1183 1944 1296 2014 imam

285 2075 408 2132 autem
433 2058 512 2132 lobi
541 2059 693 2132 alterius
719 2076 864 2160 partem
893 2061 1005 2133 etiam
1037 2059 1183 2134 durior.
1213 2063 1296 2152 Quo

283 2178 369 2251 loco
392 2168 589 2252 dissectam
617 2195 790 2250 constare
809 2177 887 2248 vidi
914 2177 1020 2276 quasi
1047 2203 1091 2248 ex
1118 2177 1294 2254 vesiculis

283 2296 475 2385 rotundis,
494 2321 608 2368 muco
622 2297 754 2394 plenis.
776 2295 991 2368 Substantia
1009 2293 1180 2391 reliqua,
1199 2297 1230 2368 si
1246 2321 1296 2366 ex·

283 2416 400 2485 terius
429 2415 661 2513 inspiceres,
691 2414 906 2514 glandulam
934 2415 974 2483 in
1006 2413 1295 2512 grandiusculos

284 2532 441 2604 divisam
469 2531 641 2622 lobulos3
677 2535 707 2605 si
741 2534 916 2621 interius,
943 2532 983 2601 in
1010 2533 1199 2621 minutos,
1235 2529 1295 2602 sed

205 2653 212 2678 ¹
284 2651 402 2752 magis
451 2675 563 2748 quam
602 2652 770 2738 soleant,
822 2651 1045 2739 distinctos,
1090 2673 1294 2753 repraesen-

283 2767 395 2840 tabat.

334 2884 391 2984 37.
421 2891 474 2957 Ex
495 2884 824 2959 observationibus
854 2885 957 2957 hisce
985 2885 1188 2982 intelligis,
1212 2883 1294 2981 thy·

283 3004 428 3074 roidaeae
445 3004 628 3103 glandulae
658 3019 847 3092 tumores,
874 3018 938 3074 aut
966 3019 1159 3074 tumorum
1193 3004 1294 3073 initia

286 3121 457 3194 crebrius
476 3122 684 3206 muliebri,
704 3144 818 3218 quam
836 3131 967 3192 nostro
997 3123 1122 3200 sexui,
1151 3121 1293 3192 contin·

286 3265 384 3339 gere.
411 3239 524 3330 Quod
550 3256 587 3311 et
612 3241 650 3310 in
674 3240 842 3337 epistolis
863 3239 1083 3310 anatomicis
1114 3237 1172 3336 (¹)
1198 3237 1293 3308 indi-

156 3363 159 3376 ’
198 3383 208 3394 ·
288 3359 389 3444 cavi,
407 3373 444 3428 et
465 3371 507 3427 tu
532 3381 576 3426 ex
598 3356 875 3430 bronchoceles
905 3356 1086 3453 exemplis
1118 3355 1293 3452 conjicies

286 3476 431 3571 quaein
455 3474 745 3572 Sepulchretum
777 3474 892 3546 relata
926 3491 1033 3562 sunt,
1067 3474 1237 3572 primum
1266 3472 1292 3542 si

286 3592 414 3663 omnia
430 3591 584 3688 quidem
606 3594 706 3664 inter
720 3617 758 3666 se
777 3589 964 3682 conferas,
987 3617 1113 3689 neque
1133 3591 1236 3662 enim
1255 3591 1291 3659 iu

286 3708 357 3780 hac
376 3709 492 3806 modo
508 3711 673 3781 sectione
686 3711 877 3798 invenies,
898 3708 963 3782 sed
982 3727 1019 3782 et
1035 3708 1124 3780 libri
1137 3712 1190 3778 ΠΙ
1208 3720 1290 3778 sect.

326 3967 372 4046 (ι)
391 3967 485 4050 Epist.
502 3987 537 4044 9,
558 3986 589 4022 n.
607 3973 655 4043 40,
