2872 4660
147 435 216 480 mn.
243 433 299 480 ru.
328 433 375 479 nn
402 431 539 480 nonnis
565 433 735 496 vernus,
761 412 873 480 srrsr.
900 435 1027 480 xnvu1.
1060 415 1107 509 49

106 571 201 635 esse,
220 544 449 644 supradixi,
469 569 602 616 eorum
625 545 908 620 observationes
924 547 971 620 ad
987 547 1113 622 classis

107 666 234 763 primae
249 679 396 764 partem
415 663 575 761 primam
597 677 803 760 spectasse,
824 689 903 734 non
916 663 963 736 ad
981 689 1115 736 secun-

108 783 210 872 dam,
231 805 365 879 quam,
381 781 428 851 sit
453 780 541 852 licet
562 779 683 850 multo
700 783 838 868 rarior,
861 783 969 878 quasi
989 787 1116 856 omnia

107 899 276 997 exempla
293 899 397 970 unici
406 901 508 968 renis
522 896 857 994 complectentem,
876 899 1115 999 solampone·
1195 925 1199 944 ¹

110 1013 1117 1112 batRiolanus.Quadepartepriusquamdicam,com-
1179 1103 1183 1110 f

110 1133 257 1204 modius
277 1146 332 1203 est
358 1144 402 1201 ut
425 1130 629 1202 secundam
652 1130 807 1213 classem
827 1132 1040 1230 expediam3
1060 1133 1118 1206 ad

111 1276 222 1350 quam
238 1274 369 1320 renem
384 1263 554 1320 nontam
570 1272 641 1346 pro
659 1247 810 1321 duobus
824 1247 983 1340 factum,
1002 1276 1119 1348 quam

111 1394 154 1441 ex
169 1366 337 1455 duobus
351 1362 572 1438 referebam.
604 1366 717 1456 Quod
735 1368 785 1438 ita
808 1369 968 1466 accipias
985 1370 1119 1460 velim,

112 1512 189 1560 non
208 1485 317 1584 quasi
336 1508 513 1582 negarem
527 1484 567 1554 in
586 1485 782 1556 nonnullis
805 1485 981 1584 desupra
1000 1487 1120 1561 allatis

110 1602 289 1702 exemplis
301 1627 420 1672 unum
438 1627 482 1672 ex
497 1599 649 1674 duobus
664 1601 819 1674 renibus
833 1603 953 1675 videri
965 1603 1120 1695 lactum,

110 1738 150 1794 ut
180 1745 268 1792 cum
292 1719 436 1818 duplici
460 1733 497 1790 et
523 1719 645 1818 pelvi,
673 1735 710 1792 et
739 1736 888 1792 uretere
914 1727 1121 1796 instructus

111 1855 211 1927 erat,
240 1853 306 1909 aut
326 1837 433 1934 quasi
456 1836 727 1910 contenderem
758 1837 804 1908 ex
839 1837 990 1912 duobus
1019 1841 1122 1912 reni-

112 1958 183 2031 bus
210 1959 279 2054 qui
298 1956 466 2054 primum
495 1954 604 2027 divisi
640 1957 754 2027 creati
788 1961 931 2045 essent,
961 1959 1123 2031 alterum

109 2072 356 2178 postmodum
381 2098 468 2144 cum
496 2071 639 2160 altem,
675 2089 866 2146 crescente
897 2075 1123 2174 embryone,

111 2193 306 2269 coaluisse.
331 2189 435 2264 Nihil
462 2189 563 2261 enim
580 2189 682 2260 aliud
699 2188 762 2262 hic
785 2188 880 2260 mihi
901 2193 989 2262 volo
1009 2185 1124 2290 quam

111 2311 218 2410 quod
243 2309 365 2410 primi
391 2307 546 2380 obtutus
563 2307 706 2404 judicio
735 2293 900 2406 apparet.
931 2311 1127 2408 PrincepS‚

113 2444 299 2530 quantum
338 2427 517 2513 memini,
555 2424 595 2496 id
629 2425 723 2498 vidit
754 2425 914 2506 Jacobus
941 2432 1127 2527 Berengaa

112 2550 192 2620 rius
206 2545 275 2644 (ι).
289 2549 334 2615 In
348 2542 513 2642 quodam
525 2568 630 2614 renes
648 2559 774 2631 erant,
789 2546 933 2642 inquit,
961 2552 1129 2617 continui

113 2692 159 2739 ac
176 2671 214 2737 si
227 2678 321 2749 esset
337 2687 431 2753 unus
446 2687 530 2734 ren:
553 2677 591 2732 et
614 2661 781 2734 habebat
805 2662 903 2734 duas
928 2689 1064 2753 venas,
1091 2679 1127 2736 et
1155 2663 1157 2674 '

115 2785 215 2856 duas
232 2787 394 2852 arterias
409 2780 654 2876 emulgenteS,
674 2795 711 2852 et
725 2779 820 2851 duos
836 2798 955 2878 poros
974 2781 1128 2854 uritides

117 2929 202 2974 cum
222 2924 297 2970 uno
312 2899 393 2970 solo
401 2896 611 2997 panniculo
629 2899 861 2971 involvente:
883 2907 950 2996 qni
969 2923 1129 2997 occupa-

118 3025 186 3094 bat
204 3019 292 3090 loca
308 3016 422 3088 solita
443 3041 589 3104 renum,
618 3031 656 3086 et
675 3022 787 3086 etiam
812 3017 975 3088 medium
1003 3017 1126 3105 dorsi,

119 3136 228 3239 quod
243 3151 297 3206 est
317 3140 355 3204 in
373 3135 455 3204 loco
474 3139 570 3203 inter
587 3132 751 3232 splenem
775 3150 813 3204 et
826 3133 963 3232 hepar,
988 3161 1128 3232 parum

122 3259 225 3348 infra
243 3279 300 3324 ea.
322 3250 466 3324 Eodem
478 3250 541 3320 ille
559 3275 653 3322 nnus
670 3241 741 3322 ren
754 3267 896 3348 spectat
920 3251 966 3323 ab
980 3252 1129 3323 Ronde-

122 3374 213 3445 letio
231 3369 287 3469 (2)
309 3373 431 3456 visus,
451 3369 662 3466 quiforma
684 3369 809 3438 lunari
833 3371 1133 3458 erat‚1ambobus

123 3497 298 3561 nimirum
318 3486 473 3558 renibus
500 3485 615 3556 simul
633 3489 855 3582 conjunctis,
887 3501 924 3557 et
947 3512 1061 3584 quem
1089 3512 1135 3558 ex

168 3829 212 3907 (1)
233 3829 312 3903 Isag.
326 3827 364 3883 de
376 3835 456 3882 anat.
469 3833 566 3880 rentr.
582 3823 636 3880 inf.
652 3824 706 3881 ubi
720 3823 757 3881 de
770 3823 866 3881 renib.

172 3925 214 4008 (a)
237 3927 331 4006 Apud
345 3921 490 3986 Schenck.
505 3925 569 3983 obs.
585 3924 635 3982 cit.
652 3943 678 3980 a.
755 3943 758 3952 ·

205 4045 239 4128 6.
