2828 4652
160 466 233 513 nm.
253 467 310 513 111.
338 465 385 512 un
411 463 548 511 nonms
567 461 737 528 vaurms,
762 464 873 512 umsr.
896 465 1023 514 xuvrn.
1054 444 1122 516 125

104 603 195 652 non
215 579 342 650 minus
360 577 497 676 longus
520 576 616 648 mihi
635 575 786 673 quidem
814 593 869 650 est
887 581 989 650 visus
1009 605 1124 678 quam
1200 663 1202 666 ¹

103 721 193 769 esse
209 696 474 794 utplurimum
502 693 626 766 solent
652 692 719 790 qui
739 695 838 766 inter
863 696 1060 793 quintum,
1085 711 1123 770 et

101 827 259 884 sextum
275 837 445 885 mensem
466 812 680 907 ejiciuntur.
707 813 832 906 Facies
853 809 887 882 ei
906 813 1118 912 praelonga,

103 930 242 1028 inqua
258 953 461 1018 carnosus,
480 943 522 999 ut
538 927 756 1016 videbatur,
781 928 958 1026 globulus
972 955 1017 1002 ex
1036 931 1121 1004 imae

105 1045 249 1118 frontis
262 1046 390 1118 medio
406 1043 656 1144 prominebat.
677 1043 754 1115 Sub
773 1069 818 1116 eo
836 1047 951 1136 oculi,
966 1049 1066 1120 inter
1081 1075 1120 1122 se

111 1165 402 1262 contingentem
421 1162 549 1234 nullus
569 1162 671 1234 enim
694 1177 773 1233 erat
791 1185 926 1265 nasus,
946 1190 1026 1248 non
1043 1167 1123 1264 pal-

109 1284 262 1382 pebris,
291 1281 356 1354 sed
386 1282 602 1380 pellucente
629 1280 870 1386 membrana,
903 1307 972 1380 per
1007 1309 1122 1380 quam
1211 1271 1215 1282 ⁵

107 1399 477 1499 transpiciebautur,
506 1397 673 1469 obducti.
711 1401 762 1468 Os
786 1423 854 1470 suo
878 1399 985 1487 loc0‚
1016 1402 1122 1499 quod
1178 1425 1180 1442 ·

108 1515 223 1604 hians
237 1515 653 1594 denticulosincisores
680 1514 910 1587 ostendebat.
939 1525 1121 1615 Apertum

109 1647 193 1704 erat
208 1633 250 1702 in
266 1631 616 1722 medioabdomen,
638 1655 683 1702 ex
697 1655 821 1728 eoque
838 1633 1016 1704 intestina
1031 1633 1121 1708 effu·
1164 1723 1166 1728 ,

111 1773 162 1822 sa.
177 1753 317 1849 Aperta
337 1775 491 1848 quoque
506 1749 554 1822 ad
566 1748 717 1820 lumbos
726 1753 941 1821 communia
949 1754 1120 1849 eorporis

106 1881 354 1966 tegumenta,
372 1866 437 1938 sed
457 1866 563 1938 hiatu
575 1865 745 1937 ultrailla
759 1891 838 1938 non
854 1867 1116 1960 descendente.
1189 1947 1191 1951 ,
1225 1916 1228 1921 -

111 1989 226 2058 Artus
245 1987 355 2058 etiam
370 1986 674 2083 omnespessime
686 1984 896 2074 habebant,
907 1990 1119 2083 superiores

112 2103 300 2203 quidema
315 2103 445 2176 cubito
461 2103 638 2174 deorsum
648 2129 658 2192 3
669 2127 783 2200 quam
791 2102 1009 2174 brevissima
1019 2108 1120 2176 enim

111 2236 221 2295 erant
232 2221 387 2293 brachia
405 2237 443 2294 et
461 2236 653 2308 contorta,
670 2219 804 2316 hisque
825 2245 959 2293 manus
975 2224 1117 2319 pariter

112 2353 295 2417 contortae
302 2337 549 2424 addebantur.
566 2336 767 2409 Inferiores
786 2353 911 2408 autem
928 2340 967 2408 in
976 2339 1115 2411 distor-

107 2472 168 2534 tos
184 2440 409 2533 desinebant
429 2457 567 2556 pedes3
589 2481 687 2532 ,crus
719 2480 809 2528 vero
840 2457 1033 2529 sinistrum
1065 2459 1113 2530 ab

109 2589 212 2646 arcte
228 2574 409 2649 advoluto
436 2573 643 2646 umbilicali
666 2571 836 2645 funiculo
861 2589 925 2645 aut
953 2573 1134 2656 fractum*

108 2709 207 2781 erat,
227 2708 291 2763 aut
307 2693 425 2790 magis
443 2717 557 2789 quam
571 2705 721 2779 caetera,
734 2690 945 2762 distortum.
996 2705 1026 2772 ‚s

159 2809 216 2898 54.
231 2809 359 2901 Quid?
376 2812 405 2882 si
417 2824 538 2882 mater
554 2809 747 2880 horribilis
762 2811 958 2904 cujusdam
974 2813 1111 2911 suppli-

109 2929 156 2999 cii
170 2927 386 3026 spectaculo
404 2924 652 3016 interfuisset,
662 2940 726 2997 aut
739 2925 933 3024 quidpiam
947 2929 1018 3001 tale
1033 2931 1113 3029 pic·

109 3043 1110 3145 tumvidisset,autsaltem,uteadequapaulosupra(1)
1217 3035 1220 3046 ¹

109 3164 349 3252 dictumest,
377 3164 607 3235 somniasset.
632 3161 701 3232 Illa
726 3185 877 3234 verosa
901 3163 1110 3261 quidquam

110 3279 295 3377 ejusmodi
331 3281 539 3378 aspexisse,
567 3293 631 3349 aut
656 3278 901 3375 vigilantem,
921 3279 1113 3352 dormien-

106 3414 228 3471 temve
244 3398 424 3496 cogitasse
441 3396 694 3496 pernegabat,
719 3411 783 3466 aut
807 3398 882 3466 vim
902 3397 1017 3468 ullam
1034 3401 1109 3471 sive

108 3507 296 3604 cadendo,
316 3516 391 3586 sive
410 3513 731 3612 constringendo,
753 3516 1111 3612 comprimendove,

107 3659 172 3707 seu
186 3632 353 3730 denique
369 3632 629 3706 vehementius
643 3620 914 3721 concutiendo;
932 3657 1021 3704 nam
1039 3633 1112 3706 hu-

147 4011 189 4093 (1)
209 3983 248 4074 u.
273 4013 321 4072 52.
