2854 4660
268 394 340 492 376
434 417 481 462 nn
508 413 654 465 sumnus
679 413 723 460 nr
748 411 873 460 causis
900 413 1126 512 urouuouuu⁸

270 553 416 604 russam
434 525 546 601 fuisse
563 526 731 598 calvariae
749 541 897 626 partem
923 527 962 596 in
984 552 1030 599 eo
1047 529 1191 622 juvene
1206 528 1290 626 (1),

270 662 307 721 et
321 648 361 717 in
380 645 428 718 eo‘
442 647 524 716 viro
550 643 609 742 (a)
625 645 677 714 'in
707 644 846 741 quibus
869 669 950 716 non
979 669 1087 718 secus
1107 661 1224 742 atque
1247 649 1287 720 in

268 765 440 862 proxima
451 761 717 834 observatione
728 761 916 860 dicemus,
940 763 1080 836 saniem
1096 780 1133 834 et
1143 789 1284 836 noxam

266 883 484 981 apparuisse
505 879 683 952 Valsalvae
708 866 880 978 superius
906 878 1069 954 diximus
1096 882 1136 952 iu
1157 908 1285 980 oppo-

266 1002 353 1087 sita,
367 1014 431 1070 aut
452 999 562 1072 etiam
578 999 617 1068 in
639 997 832 1094 opposita;
851 995 1011 1070 habebis
1028 1014 1157 1071 tamen
1177 1000 1284 1072 unde

266 1143 348 1191 rem
367 1117 548 1216 explices,
562 1131 605 1186 ut
619 1116 658 1186 in
671 1113 811 1188 femina
824 1113 878 1212 (3)
891 1116 1048 1212 pariter3
1062 1141 1282 1214 quanquam

266 1241 308 1310 in
329 1238 518 1336 eatplures
544 1217 641 1308 ictus
670 1261 814 1334 ponere
843 1236 1049 1334 proclivius
1072 1251 1150 1324 est;
1180 1253 1219 1308 et
1243 1243 1284 1310 in

269 1351 432 1453 seneld),
446 1358 486 1426 in
496 1354 847 1452 quibusuovissime
857 1355 989 1451 scripsi
998 1351 1160 1426 effusum
1170 1353 1284 1428 fuisse

270 1474 540 1572 sanguinemin
550 1469 720 1560 adv'erso,
736 1487 802 1542 aut
817 1473 856 1540 in
866 1470 1025 1544 adverso
1033 1497 1189 1569 quoque
1199 1474 1284 1544 late·

268 1617 321 1666 re.
332 1596 384 1662 Ex
396 1592 573 1662 iisautem
583 1614 666 1686 quae
673 1589 719 1660 de
735 1585 1282 1686 contrafissuraperpendimus

268 1709 442 1808 proprie,
469 1723 532 1780 aut
560 1708 687 1786 miuus
707 1707 862 1804 proprie
880 1721 1053 1804 accepta,
1074 1705 1185 1780 facile
1204 1733 1284 1778 ma·

266 1828 320 1900 les
348 1828 388 1898 in
420 1824 554 1898 eodem
578 1849 666 1896 sene
696 1822 996 1896 animadversam
1028 1825 1082 1896 in*
1102 1827 1282 1924 opposito
1313 1812 1315 1818 ¹

271 1969 354 2018 osse
368 1945 502 2016 rimam
523 1942 660 2014 malleo
678 1942 909 2030 anatomico,
929 1957 1174 2041 conspectam
1191 1970 1281 2015 vero

270 2063 310 2132 in
325 2088 370 2134 eo
380 2059 434 2160 (5)
447 2085 560 2158 quem
579 2060 760 2133 continuo
773 2075 861 2158 post
873 2061 981 2136 illum
994 2061 1280 2160 descripsimus,

269 2180 398 2252 hostili
414 2183 482 2251 uni
498 2179 591 2250 ictui
610 2175 766 2250 fortasse
779 2177 967 2267 tribuere,
983 2180 1126 2278 quippe
1141 2195 1223 2250 non
1240 2194 1281 2250 ut

266 2298 368 2369 illam
387 2299 427 2370 in
444 2298 538 2386 aliu,
555 2321 626 2370 nec
645 2296 848 2394 contiguo,
879 2295 944 2370 sed
964 2299 1004 2368 in
1019 2321 1098 2369 uno
1124 2297 1278 2373 eodem-

267 2441 341 2513 que
355 2441 437 2488 osse
458 2414 742 2514 deprehensam.
937 2399 942 2412 ⁸

317 2540 375 2622 [μ.
397 2534 465 2604 Vir
481 2557 601 2604 annos
620 2533 774 2630 triginta
797 2545 928 2620 natus,
962 2557 1007 2604 ex
1033 2531 1138 2606 febre
1170 2550 1282 2607 acuta

272 2652 436 2723 multum
453 2649 636 2740 delirans,
654 2675 722 2749 per
738 2648 940 2722 fenestram
958 2652 998 2722 in
1010 2666 1151 2723 terram
1165 2678 1207 2725 se
1222 2654 1282 2726 de·

267 2769 368 2865 jicit,
401 2782 437 2838 et
457 2769 587 2866 capitis
612 2769 752 2840 sauciat
777 2783 924 2866 partem
953 2769 1140 2842 sinistram
1166 2795 1281 2870 supra

186 2921 189 2931 ·
270 2885 485 2958 musculum
522 2887 779 2983 temporalem
821 2889 906 2959 Non
940 2887 1133 2984 loquitur:
1166 2887 1282 2963 facies

271 3002 404 3076 rubet:
428 3018 507 3076 tota
524 3003 694 3101 corporis
720 3001 868 3074 sinistra
885 3029 971 3102 pars
1000 3004 1241 3078 immobilis
1227 3034 1282 3103 Ja-

273 3089 568 3218 cet,nisiqi10d
596 3145 670 3192 una
688 3137 752 3192 aut
773 3121 925 3194 alteraa
945 3145 1033 3192 casu
1051 3121 1166 3209 bora,
1186 3124 1281 3196 dum

270 3239 408 3314 vulnus
429 3252 669 3323 tractaretur,
696 3262 762 3335 pes
787 3237 919 3312 leviter
949 3263 1000 3312 se
1013 3242 1227 3330 contraxit,
1244 3257 1280 3314 et
