2816 5282
296 369 367 462 546
460 389 507 442 bu
531 388 679 440 sturnus
704 387 748 438 ar
773 386 898 440 causis
922 388 1134 440 uonsonuu

292 523 380 582 sunt3
408 511 470 565 hac
493 509 591 564 solum
608 505 838 564 memorabimus
859 525 926 581 quse
953 507 1073 581 scripsit
1102 511 1303 588 Morgagnus;

292 641 304 666 ιι
328 614 358 668 in
373 609 566 686 pulmonibus
573 625 636 664 non
649 607 739 680 modo
751 607 856 667 faciem
870 607 966 684 ipsam
978 608 1161 666 anteriorem
1173 629 1211 668 ex
1223 613 1306 689 nigro

294 739 306 764 s
327 711 517 786 variegatam,
529 707 580 764 sed
587 719 616 762 et
624 706 760 762 ciborum
770 717 886 781 partem
897 704 1168 781 deprehendimus,
1178 711 1212 766 in
1221 713 1305 768 bron-

292 838 304 864 »
326 810 399 867 chiis
413 809 486 865 etin
503 807 569 882 ipso
587 825 696 880 asperae
716 805 831 862 arteriae
852 817 982 862 trunco:
1006 800 1065 882 qu'a
1077 828 1115 864 cx
1134 829 1170 865 re
1187 830 1304 886 quoque

292 936 304 964 s
326 911 499 969 celeriorem
516 907 608 964 fuisse
624 916 750 962 mortem
763 923 824 964 nou
838 905 1058 978 dubitavimus,
1073 919 1103 964 et
1115 922 1199 965 certe
1221 911 1305 968 facies

292 1035 305 1064 s
326 1012 373 1066 vel
386 1009 490 1066 diebus
505 1005 610 1080 primis
624 1023 642 1065 a.
656 1005 734 1065 vasis
745 1005 889 1082 sauguine
900 1006 1038 1064 distentis
1052 1008 1196 1064 suffocati
1212 1006 1306 1067 homi-

267 1085 271 1094 '
292 1139 305 1164 ‚‚
326 1111 372 1180 ss,
388 1109 582 1180 statutus.»

330 1215 435 1286 Itaque
449 1206 584 1283 quamvis
599 1205 710 1262 uulnus
722 1205 821 1262 cordis
836 1205 991 1280 hieritper
1004 1225 1035 1264 se
1049 1205 1303 1288 lethale,blorgs-

291 1330 367 1388 gnus
381 1309 487 1366 tribuit
498 1306 678 1363 celeritatem
690 1303 795 1360 mortis
807 1305 999 1363 suffocationi
1010 1326 1101 1382 quam
1114 1311 1259 1366 attulerat
1265 1312 1305 1366 iu·

287 1397 404 1487 gressus
415 1408 551 1465 ciborum
562 1400 769 1476 inbronchiis,
782 1415 811 1460 et
821 1405 853 1461 in
867 1405 933 1480 ipso
946 1425 1058 1481 aspera
1071 1409 1190 1470 arteria
1199 1421 1303 1466 trunco

286 1519 486 1584 repertorum.
501 1507 571 1576 Sed,
587 1517 621 1560 ut
630 1505 692 1578 jam
705 1523 722 1560 a
735 1505 828 1581 longo
842 1515 977 1580 tempore
987 1507 1262 1567 demonstravimus
1274 1512 1301 1565 in

284 1610 400 1676 nostris
417 1606 673 1682 patentioribus,
691 1607 790 1662 multae
810 1623 985 1682 magnaeque
1003 1606 1079 1664 fiunt
1100 1609 1134 1664 in
1156 1629 1300 1684 carpum,

286 1709 375 1780 citius
382 1719 435 1778 aut
444 1707 559 1767 tardius
569 1717 639 1782 post
650 1714 777 1769 mortem
791 1707 991 1778 mutationes,
1005 1708 1064 1779 sic,
1075 1711 1203 1783 quando
1215 1711 1248 1766 ia
1258 1729 1301 1768 ea

285 1811 395 1868 devere
417 1803 585 1866 stomachus
607 1809 741 1882 repletur
760 1806 907 1864 alimentis
917 1819 972 1862 ant
986 1807 1164 1872 substantiis
1183 1811 1224 1868 ad
1246 1811 1302 1868 ler-

285 1909 498 1972 mentationesn
521 1907 620 1984 aptis,
644 1919 733 1975 tunc,
757 1919 827 1981 post
848 1907 971 1982 aliquod
992 1919 1131 1984 tempus,
1151 1911 1301 1968 Moneo

287 2021 400 2078 tumet,
415 2009 609 2084 diaphragma
623 2027 741 2064 sursum
756 2009 936 2082 propellitur
953 2019 982 2064 et
997 2007 1089 2066 fluida
1100 2010 1135 2066 in
1147 2011 1302 2070 stomacho

285 2120 426 2173 contenta
436 2127 490 2182 per
504 2107 697 2183 oesophagum
712 2105 868 2164 refluentia
887 2109 986 2168 lauces
998 2127 1147 2184 naresque
1164 2114 1300 2186 replent,

285 2223 316 2270 at
328 2208 524 2284 dispositione
534 2207 706 2264 mechanica
722 2207 854 2282 partium
867 2209 900 2267 in
909 2225 1044 2284 asperam
1061 2212 1212 2268 arteriam
1224 2215 1300 2274 dele·

285 2323 403 2370 cuntur.
422 2311 487 2378 Hoc
503 2309 724 2382 phanomeueu
739 2308 825 2382 quod
841 2307 953 2383 pluries
977 2309 1208 2374 observavimus
1232 2333 1302 2389 pra·

285 2411 388 2478 sertim
399 2409 431 2466 in
443 2409 638 2468 cadaveribus
649 2409 870 2468 submersorum
887 2419 939 2466 aut
956 2410 1085 2468 aliorum
1101 2412 1169 2470 siae
1188 2418 1301 2472 vomitu

285 2511 485 2570 extincturum
497 2519 560 2564 arte
571 2509 701 2584 produci
713 2520 828 2584 potest,
845 2509 877 2564 in
892 2509 1096 2568 ventriculum
1110 2512 1300 2578 immittendo

286 2611 429 2687 quasdam
451 2609 633 2666 substantias
662 2609 794 2668 chimicae
816 2609 1040 2672 lamentationi
1059 2622 1165 2686 aptas.
1197 2617 1303 2691 ltaque

283 2710 441 2787 praeseutia
453 2705 590 2765 ciborum
602 2708 634 2767 iu
642 2705 796 2766 brouchiis
810 2721 862 2768 aut
875 2728 980 2786 aspera
996 2711 1107 2769 arteria
1118 2733 1300 2786 non-causa,

284 2811 336 2868 sed
347 2808 451 2864 mortis
464 2807 587 2864 effectus
597 2808 712 2864 censeri
724 2809 859 2866 debetur.

281 2961 285 2968 .
323 2909 421 2970 Facioi
432 2907 577 2968 coloratio
585 2919 675 2982 atque
682 2909 835 2986 congestio
844 2909 1003 2985 sanguinis
1013 2911 1046 2968 in
1056 2910 1120 2984 ejus
1128 2915 1217 2972 venis
1228 2937 1300 2992 saepe

282 3012 317 3069 in
328 3009 552 3072 cadaveribusa
570 3008 675 3084 primis
688 3009 810 3084 quidem
825 3011 933 3068 diebus
953 3005 1120 3070 observatae
1147 3033 1214 3072 non
1232 3019 1298 3074 saris

281 3111 418 3172 indicant
429 3109 668 3180 suffocationem,
679 3110 731 3168 sed
740 3111 889 3174 abeodem
898 3129 990 3168 eausa
1002 3113 1178 3173 mechanica
1190 3129 1298 3194 etpost

283 3223 411 3270 mortem
423 3210 540 3268 evenire
552 3210 639 3268 uobis
651 3210 810 3283 videntur,
828 3223 862 3270 ut
874 3212 1067 3288 exposuimus
1085 3213 1118 3269 in
1130 3216 1237 3274 tabula
1248 3237 1296 3294 sy·

284 3311 406 3388 neptica
420 3310 469 3368 cui
483 3310 588 3368 titulus
601 3321 644 3368 est
656 3331 662 3367 :
675 3313 728 3368 des
738 3312 942 3374 Phenomenes
954 3315 1177 3390 cadaveriques.

313 3405 316 3411 ’
641 3407 643 3414 ’
889 3411 1074 3491 (Adnotatu
1085 3416 1260 3492 editorum.)
