2816 5282
305 423 378 494 600
472 443 517 490 ua
544 439 690 490 sturnus
715 443 759 488 m·
784 440 909 489 causis
934 441 1142 490 nonaonrn

304 585 405 648 rein,
422 575 464 630 ut
481 561 520 630 in
539 558 695 650 thorace
706 560 1145 656 quoque,angustiorem
1157 584 1284 656 propor-

304 679 408 750 tione
427 703 506 750 non
528 675 575 748 ad
589 701 729 775 corpus
750 676 1031 765 tantummodo,
1047 703 1176 748 verum
1197 677 1284 747 etiam

306 793 509 866 advenam
539 796 658 892 ipsam
681 817 833 881 cavam,
861 794 969 889 cujus
995 796 1035 864 iu
1062 810 1168 894 septo
1190 810 1287 864 trans·

304 937 415 984 verso
439 910 610 983 foramen
628 887 707 984 edat
732 912 905 984 oninium
929 913 1134 982 maximum
1154 935 1227 1008 quae
1244 911 1286 978 vi-

305 1029 394 1102 dere
420 1030 687 1100 meminissem.
721 1027 889 1100 Thorace
925 1044 1078 1126 aperto,
1115 1029 1287 1127 pulmones
1356 1035 1357 1038 ’

305 1147 498 1245 undique,
516 1146 553 1217 id
571 1146 676 1244 quod
696 1147 822 1218 minus
836 1143 1016 1243 frequens
1035 1148 1076 1216 in
1095 1147 1223 1217 adultis
1235 1145 1287 1215 ho·

304 1265 472 1336 minibus
487 1289 567 1337 esse
587 1289 664 1335 non
683 1264 853 1360 ignoras,
868 1264 1011 1336 solutos
1034 1265 1187 1360 quidem
1200 1286 1286 1335 cons
1356 1335 1357 1360 2

304 1383 390 1480 pexi
400 1409 410 1470 3
421 1381 486 1454 sed
500 1380 787 1452 bronchialibus
796 1380 982 1478 glandulis
999 1382 1287 1474 instructosjusto

305 1499 529 1594 majoribuS,
548 1515 589 1569 ut
617 1524 691 1569 una
717 1521 969 1597 compressam
1001 1523 1141 1570 nucem
1169 1497 1286 1568 medio·
1356 1519 1357 1534 ³

306 1640 408 1688 crem
428 1615 544 1688 ferme
556 1632 730 1714 aequaret.
754 1621 799 1687 In
820 1616 1031 1715 pericardio
1048 1643 1149 1714 aqua
1162 1631 1232 1690 erat
1240 1614 1287 1684 lla·

305 1757 477 1820 vescenS,
501 1759 572 1806 nec
595 1735 827 1832 paucissima.
860 1739 935 1806 Cor
960 1736 1088 1833 potius
1114 1758 1286 1832 maguum,

305 1853 345 1922 in
373 1875 492 1950 eoque
510 1853 675 1950 sanguis,
697 1843 736 1922 ut
755 1851 863 1941 alibi,
883 1855 1012 1950 niger;
1029 1853 1084 1926 ibi
1100 1853 1285 1925 veroetiau

308 1996 353 2042 ex
372 1985 476 2068 parte
499 1970 623 2068 aliqua
646 1993 858 2068 grumosus.
882 1974 1028 2068 Magna
1054 1972 1190 2041 arteria
1213 1968 1286 2040 ultra
1356 1975 1357 2048 l

308 2103 546 2159 curvaturam
562 2088 689 2160 sulcos
707 2089 813 2183 quasi
831 2087 1014 2184 quosdam
1029 2089 1205 2160 interiore
1216 2086 1285 2158 facie

308 2206 472 2276 ostendit
488 2203 698 2277 secundum
716 2204 992 2303 longitudinem
1011 2206 1158 2278 ductos.
1178 2209 1286 2277 Caetera

308 2347 391 2419 quae
419 2324 458 2392 in
482 2321 557 2394 hoc
589 2321 768 2394 cadavere
792 2322 992 2411 adnotavi,
1026 2323 1105 2396 huc
1131 2348 1205 2395 nou
1224 2321 1286 2392 atti·

307 2454 410 2510 nent.

357 2555 413 2627 38.
433 2556 509 2626 Etsi
526 2555 573 2626 de
594 2555 811 2645 ventriculi,
834 2572 871 2628 et
885 2557 1170 2632 instestinorum
1187 2573 1219 2630 et
1227 2557 1283 2655 ple·
1356 2609 1357 2638 3

305 2699 512 2769 rorumque
530 2675 690 2746 aliorum
704 2677 891 2748 viscerum
908 2704 989 2776 quae
1001 2681 1040 2750 in
1052 2696 1183 2752 ventre
1201 2690 1284 2759 suut,

305 2791 528 2864 vulneribus
552 2792 661 2889 plura
684 2820 728 2866 ex
746 2796 933 2885 Valsalva,
955 2813 993 2870 et·
1019 2798 1150 2888 nobis,
1173 2813 1206 2870 et
1224 2793 1283 2866 aliis
1356 2863 1357 2866 ,

306 2907 613 2983 observatoribus
625 2911 1069 3014 hac'epistolaaccepisti3
1087 2912 1283 2988 tamenalias
1356 2983 1357 3020 3

305 3054 351 3100 ex
367 3026 425 3098 his
445 3028 585 3100 ultimis
597 3029 848 3102 indicabimus
867 3031 1059 3121 historias,
1078 3058 1170 3131 quas
1180 3027 1281 3127 Sepul·

305 3144 452 3234 chret0,
467 3146 497 3216 si
510 3144 600 3216 velis
613 3200 623 3234 ,
635 3148 786 3218 inseras.
803 3151 935 3246 Itaque
953 3150 1000 3222 ad
1019 3173 1221 3224 crassorum
1238 3147 1280 3215 in·

302 3264 528 3334 testinorum
547 3263 720 3351 vulnera,
744 3264 817 3336 coli
834 3266 1024 3356 videlicet,
1037 3293 1080 3340 ac
1096 3270 1213 3355 recti,
1228 3261 1279 3334 oli

302 3381 531 3451 servationes
557 3397 726 3478 spectant
743 3383 902 3456 Harderi
928 3385 1004 3483 (1),
1031 3403 1068 3458 et
1094 3392 1280 3458 Bautzman·

300 3497 340 3566 ni
360 3495 426 3592 (a).
450 3501 493 3566 In
521 3495 592 3567 hac
620 3514 674 3570 est
693 3501 802 3572 simul
828 3503 933 3600 quod
965 3503 1012 3574 ad
1048 3504 1277 3602 diaphragma,
1356 3485 1357 3508 l

298 3615 339 3684 in
359 3614 421 3686 illa
441 3613 545 3713 quod
563 3613 610 3684 ad
628 3615 744 3712 chyli‚
764 3619 794 3689 si
813 3635 913 3690 recte
932 3619 1126 3719 intelligo,
1145 3629 1277 3714 recepta·
1356 3605 1357 3612 ἵ

943 3790 1276 3818 Μ’

335 3897 378 3976 (1)
399 3901 475 3974 Eph.
485 3902 522 3956 N.
533 3902 566 3956 C.
580 3901 643 3956 dec.
658 3903 689 3974 3,
704 3904 740 3958 A.
751 3921 771 3977 9
784 3913 813 3958 et
829 3923 884 3960 ιο.
900 3906 965 3962 obs.
980 3905 1030 3962 62.

335 3996 378 4074 (a)
400 3999 478 4083 lbid.
493 3999 554 4054 obs.
573 4001 640 4066 234.
