<?xml version="1.0" encoding="UTF-8"?>
<!DOCTYPE html PUBLIC "-//W3C//DTD XHTML 1.0 Transitional//EN"
    "http://www.w3.org/TR/xhtml1/DTD/xhtml1-transitional.dtd">
<html xmlns="http://www.w3.org/1999/xhtml" xml:lang="en" lang="en">
 <head>
  <title>
</title>
<meta http-equiv="Content-Type" content="text/html;charset=utf-8" />
  <meta name='ocr-system' content='tesseract 3.04.00' />
  <meta name='ocr-capabilities' content='ocr_page ocr_carea ocr_par ocr_line ocrx_word'/>
</head>
<body>
  <div class='ocr_page' id='page_1' title='image "./desedibusetcaus03adelgoog_0301.png"; bbox 0 0 2812 4656; ppageno 0'>
   <div class='ocr_carea' id='block_1_1' title="bbox 194 409 1133 510">
    <p class='ocr_par' dir='ltr' id='par_1_1' title="bbox 194 409 1133 510">
     <span class='ocr_line' id='line_1_1' title="bbox 194 409 1133 510; baseline -0.002 -26"><span class='ocrx_word' id='word_1_1' title='bbox 194 439 262 484; x_wconf 78' lang='lat' dir='ltr'><strong>cu.</strong></span> <span class='ocrx_word' id='word_1_2' title='bbox 278 439 327 485; x_wconf 77' lang='lat' dir='ltr'><strong>rr.</strong></span> <span class='ocrx_word' id='word_1_3' title='bbox 345 439 393 486; x_wconf 83' lang='lat' dir='ltr'><strong>or</strong></span> <span class='ocrx_word' id='word_1_4' title='bbox 406 437 543 486; x_wconf 75' lang='lat' dir='ltr'><strong>nonnis</strong></span> <span class='ocrx_word' id='word_1_5' title='bbox 557 435 759 500; x_wconf 67' lang='lat' dir='ltr'><strong>cornuue,</strong></span> <span class='ocrx_word' id='word_1_6' title='bbox 775 427 843 484; x_wconf 89' lang='lat' dir='ltr'><strong>etc.</strong></span> <span class='ocrx_word' id='word_1_7' title='bbox 863 437 976 486; x_wconf 79' lang='lat' dir='ltr'><strong>rrrsr.</strong></span> <span class='ocrx_word' id='word_1_8' title='bbox 998 441 1031 484; x_wconf 80' lang='lat' dir='ltr'><strong>n.</strong></span> <span class='ocrx_word' id='word_1_9' title='bbox 1058 409 1133 510; x_wconf 75' lang='lat'><strong>&#39;295</strong></span> 
     </span>
    </p>
   </div>
   <div class='ocr_carea' id='block_1_2' title="bbox 100 534 1172 3962">
    <p class='ocr_par' dir='ltr' id='par_1_2' title="bbox 100 534 1172 3962">
     <span class='ocr_line' id='line_1_2' title="bbox 120 534 1135 648; baseline 0.002 -28"><span class='ocrx_word' id='word_1_10' title='bbox 120 549 191 646; x_wconf 86' lang='lat' dir='ltr'><strong>(id</strong></span> <span class='ocrx_word' id='word_1_11' title='bbox 206 534 310 648; x_wconf 86' lang='lat' dir='ltr'><strong>quod</strong></span> <span class='ocrx_word' id='word_1_12' title='bbox 331 549 533 648; x_wconf 78' lang='lat' dir='ltr'><strong>chirurgus</strong></span> <span class='ocrx_word' id='word_1_13' title='bbox 551 575 632 620; x_wconf 87' lang='lat' dir='ltr'><strong>non</strong></span> <span class='ocrx_word' id='word_1_14' title='bbox 646 549 905 648; x_wconf 78' lang='lat' dir='ltr'><strong>expectabat);</strong></span> <span class='ocrx_word' id='word_1_15' title='bbox 924 547 1135 622; x_wconf 87' lang='lat' dir='ltr'><strong>intror‘sum</strong></span> 
     </span>
     <span class='ocr_line' id='line_1_3' title="bbox 100 667 1135 770; baseline 0 -30"><span class='ocrx_word' id='word_1_16' title='bbox 100 671 352 770; x_wconf 82' lang='lat' dir='ltr'><strong>retraxisset,</strong></span> <span class='ocrx_word' id='word_1_17' title='bbox 371 693 488 764; x_wconf 89' lang='lat' dir='ltr'><strong>seque</strong></span> <span class='ocrx_word' id='word_1_18' title='bbox 506 668 587 763; x_wconf 88' lang='lat' dir='ltr'><strong>ejus</strong></span> <span class='ocrx_word' id='word_1_19' title='bbox 611 669 754 748; x_wconf 87' lang='lat' dir='ltr'><strong>oculis,</strong></span> <span class='ocrx_word' id='word_1_20' title='bbox 782 684 819 740; x_wconf 87' lang='lat' dir='ltr'><strong>et</strong></span> <span class='ocrx_word' id='word_1_21' title='bbox 848 668 1025 741; x_wconf 88' lang='lat' dir='ltr'><strong>manibus</strong></span> <span class='ocrx_word' id='word_1_22' title='bbox 1044 667 1135 740; x_wconf 87' lang='lat' dir='ltr'><strong>sub-</strong></span> 
     </span>
     <span class='ocr_line' id='line_1_4' title="bbox 118 784 1134 884; baseline 0 -28"><span class='ocrx_word' id='word_1_23' title='bbox 118 784 316 874; x_wconf 82' lang='lat' dir='ltr'><strong>duxisset3</strong></span> <span class='ocrx_word' id='word_1_24' title='bbox 352 785 569 884; x_wconf 84' lang='lat' dir='ltr'><strong>perturbari</strong></span> <span class='ocrx_word' id='word_1_25' title='bbox 613 786 778 882; x_wconf 90' lang='lat' dir='ltr'><strong>primum</strong></span> <span class='ocrx_word' id='word_1_26' title='bbox 807 786 1003 858; x_wconf 79' lang='lat' dir='ltr'><strong>homine-m</strong></span> <span class='ocrx_word' id='word_1_27' title='bbox 1033 785 1134 875; x_wconf 84' lang='lat' dir='ltr'><strong>vidi,</strong></span> 
     </span>
     <span class='ocr_line' id='line_1_5' title="bbox 117 901 1134 1000; baseline 0.004 -28"><span class='ocrx_word' id='word_1_28' title='bbox 117 905 294 998; x_wconf 85' lang='lat' dir='ltr'><strong>quamvis</strong></span> <span class='ocrx_word' id='word_1_29' title='bbox 315 905 431 1000; x_wconf 88' lang='lat' dir='ltr'><strong>siquis</strong></span> <span class='ocrx_word' id='word_1_30' title='bbox 449 901 563 985; x_wconf 83' lang='lat' dir='ltr'><strong>alius,</strong></span> <span class='ocrx_word' id='word_1_31' title='bbox 583 903 894 991; x_wconf 82' lang='lat' dir='ltr'><strong>exercitatum,et</strong></span> <span class='ocrx_word' id='word_1_32' title='bbox 914 926 979 976; x_wconf 84' lang='lat' dir='ltr'><strong>sua</strong></span> <span class='ocrx_word' id='word_1_33' title='bbox 998 903 1038 974; x_wconf 92' lang='lat' dir='ltr'><strong>in</strong></span> <span class='ocrx_word' id='word_1_34' title='bbox 1055 917 1134 976; x_wconf 83' lang='lat' dir='ltr'><strong>arte</strong></span> 
     </span>
     <span class='ocr_line' id='line_1_6' title="bbox 117 1017 1135 1118; baseline 0 -28"><span class='ocrx_word' id='word_1_35' title='bbox 117 1019 317 1107; x_wconf 83' lang='lat' dir='ltr'><strong>nobilem,</strong></span> <span class='ocrx_word' id='word_1_36' title='bbox 341 1045 428 1092; x_wconf 88' lang='lat' dir='ltr'><strong>mox</strong></span> <span class='ocrx_word' id='word_1_37' title='bbox 451 1035 578 1090; x_wconf 86' lang='lat' dir='ltr'><strong>tamen</strong></span> <span class='ocrx_word' id='word_1_38' title='bbox 601 1043 688 1090; x_wconf 87' lang='lat' dir='ltr'><strong>cum</strong></span> <span class='ocrx_word' id='word_1_39' title='bbox 706 1021 904 1118; x_wconf 83' lang='lat' dir='ltr'><strong>sanguinis</strong></span> <span class='ocrx_word' id='word_1_40' title='bbox 915 1017 1018 1090; x_wconf 83' lang='lat' dir='ltr'><strong>haud</strong></span> <span class='ocrx_word' id='word_1_41' title='bbox 1037 1019 1135 1090; x_wconf 87' lang='lat' dir='ltr'><strong>mul·</strong></span> 
     </span>
     <span class='ocr_line' id='line_1_7' title="bbox 118 1134 1136 1226; baseline -0.004 -16"><span class='ocrx_word' id='word_1_42' title='bbox 118 1151 203 1210; x_wconf 87' lang='lat' dir='ltr'><strong>tum</strong></span> <span class='ocrx_word' id='word_1_43' title='bbox 229 1134 421 1225; x_wconf 84' lang='lat' dir='ltr'><strong>efflueret,</strong></span> <span class='ocrx_word' id='word_1_44' title='bbox 444 1135 670 1211; x_wconf 85' lang='lat' dir='ltr'><strong>confirmato</strong></span> <span class='ocrx_word' id='word_1_45' title='bbox 701 1138 850 1226; x_wconf 88' lang='lat' dir='ltr'><strong>animo,</strong></span> <span class='ocrx_word' id='word_1_46' title='bbox 880 1152 917 1210; x_wconf 91' lang='lat' dir='ltr'><strong>et</strong></span> <span class='ocrx_word' id='word_1_47' title='bbox 952 1135 1136 1208; x_wconf 89' lang='lat' dir='ltr'><strong>mediocri</strong></span> 
     </span>
     <span class='ocr_line' id='line_1_8' title="bbox 119 1255 1136 1354; baseline 0 -26"><span class='ocrx_word' id='word_1_48' title='bbox 119 1255 288 1328; x_wconf 86' lang='lat' dir='ltr'><strong>turunda</strong></span> <span class='ocrx_word' id='word_1_49' title='bbox 310 1256 494 1343; x_wconf 85' lang='lat' dir='ltr'><strong>immissa,</strong></span> <span class='ocrx_word' id='word_1_50' title='bbox 515 1255 709 1328; x_wconf 84' lang='lat' dir='ltr'><strong>albumine</strong></span> <span class='ocrx_word' id='word_1_51' title='bbox 727 1256 840 1343; x_wconf 87' lang='lat' dir='ltr'><strong>illita,</strong></span> <span class='ocrx_word' id='word_1_52' title='bbox 855 1271 893 1330; x_wconf 89' lang='lat' dir='ltr'><strong>et</strong></span> <span class='ocrx_word' id='word_1_53' title='bbox 913 1255 1136 1354; x_wconf 84' lang='lat' dir='ltr'><strong>pulveribus</strong></span> 
     </span>
     <span class='ocr_line' id='line_1_9' title="bbox 115 1372 1133 1477; baseline 0 -33"><span class='ocrx_word' id='word_1_54' title='bbox 115 1397 323 1472; x_wconf 88' lang='lat' dir='ltr'><strong>conspersa</strong></span> <span class='ocrx_word' id='word_1_55' title='bbox 334 1375 400 1470; x_wconf 88' lang='lat' dir='ltr'><strong>qui</strong></span> <span class='ocrx_word' id='word_1_56' title='bbox 412 1372 672 1477; x_wconf 84' lang='lat' dir='ltr'><strong>adstringendi</strong></span> <span class='ocrx_word' id='word_1_57' title='bbox 683 1376 757 1444; x_wconf 82' lang='lat' dir='ltr'><strong>vim</strong></span> <span class='ocrx_word' id='word_1_58' title='bbox 775 1374 938 1462; x_wconf 84' lang='lat' dir='ltr'><strong>habent,</strong></span> <span class='ocrx_word' id='word_1_59' title='bbox 953 1374 1133 1446; x_wconf 84' lang='lat' dir='ltr'><strong>discessit.</strong></span> 
     </span>
     <span class='ocr_line' id='line_1_10' title="bbox 120 1491 1135 1590; baseline -0.002 -26"><span class='ocrx_word' id='word_1_60' title='bbox 120 1497 263 1564; x_wconf 82' lang='lat' dir='ltr'><strong>Verum</strong></span> <span class='ocrx_word' id='word_1_61' title='bbox 278 1507 411 1566; x_wconf 84' lang='lat' dir='ltr'><strong>exacto</strong></span> <span class='ocrx_word' id='word_1_62' title='bbox 423 1495 484 1562; x_wconf 81' lang='lat' dir='ltr'><strong>vix</strong></span> <span class='ocrx_word' id='word_1_63' title='bbox 504 1491 607 1564; x_wconf 79' lang='lat' dir='ltr'><strong>horae</strong></span> <span class='ocrx_word' id='word_1_64' title='bbox 623 1493 856 1590; x_wconf 84' lang='lat' dir='ltr'><strong>quadrante,</strong></span> <span class='ocrx_word' id='word_1_65' title='bbox 877 1495 1028 1590; x_wconf 84' lang='lat' dir='ltr'><strong>sanguis</strong></span> <span class='ocrx_word' id='word_1_66' title='bbox 1049 1517 1135 1590; x_wconf 85' lang='lat' dir='ltr'><strong>pro·</strong></span> 
     </span>
     <span class='ocr_line' id='line_1_11' title="bbox 119 1609 1135 1708; baseline 0.002 -28"><span class='ocrx_word' id='word_1_67' title='bbox 119 1609 239 1682; x_wconf 87' lang='lat' dir='ltr'><strong>fluere</strong></span> <span class='ocrx_word' id='word_1_68' title='bbox 255 1611 366 1706; x_wconf 87' lang='lat' dir='ltr'><strong>copia</strong></span> <span class='ocrx_word' id='word_1_69' title='bbox 388 1635 468 1680; x_wconf 88' lang='lat' dir='ltr'><strong>nou</strong></span> <span class='ocrx_word' id='word_1_70' title='bbox 497 1610 644 1682; x_wconf 89' lang='lat' dir='ltr'><strong>modica</strong></span> <span class='ocrx_word' id='word_1_71' title='bbox 658 1665 679 1697; x_wconf 79' lang='lat'><strong>,.</strong></span> <span class='ocrx_word' id='word_1_72' title='bbox 695 1627 751 1700; x_wconf 91' lang='lat' dir='ltr'><strong>et,</strong></span> <span class='ocrx_word' id='word_1_73' title='bbox 786 1611 892 1708; x_wconf 91' lang='lat' dir='ltr'><strong>quod</strong></span> <span class='ocrx_word' id='word_1_74' title='bbox 915 1611 1034 1682; x_wconf 92' lang='lat' dir='ltr'><strong>multo</strong></span> <span class='ocrx_word' id='word_1_75' title='bbox 1057 1635 1135 1682; x_wconf 80' lang='lat' dir='ltr'><strong>ma-</strong></span> 
     </span>
     <span class='ocr_line' id='line_1_12' title="bbox 119 1727 1135 1824; baseline 0 -24"><span class='ocrx_word' id='word_1_76' title='bbox 119 1729 196 1824; x_wconf 80' lang='lat' dir='ltr'><strong>jori</strong></span> <span class='ocrx_word' id='word_1_77' title='bbox 222 1729 321 1798; x_wconf 83' lang='lat' dir='ltr'><strong>intra</strong></span> <span class='ocrx_word' id='word_1_78' title='bbox 350 1728 571 1800; x_wconf 83' lang='lat' dir='ltr'><strong>intestinum</strong></span> <span class='ocrx_word' id='word_1_79' title='bbox 602 1727 793 1808; x_wconf 80' lang='lat' dir='ltr'><strong>influxisse</strong></span> <span class='ocrx_word' id='word_1_80' title='bbox 827 1729 1042 1817; x_wconf 87' lang='lat' dir='ltr'><strong>indicabat,</strong></span> <span class='ocrx_word' id='word_1_81' title='bbox 1070 1754 1135 1800; x_wconf 81' lang='lat' dir='ltr'><strong>ro-</strong></span> 
     </span>
     <span class='ocr_line' id='line_1_13' title="bbox 122 1843 1133 1944; baseline 0 -26"><span class='ocrx_word' id='word_1_82' title='bbox 122 1871 212 1942; x_wconf 85' lang='lat' dir='ltr'><strong>gare</strong></span> <span class='ocrx_word' id='word_1_83' title='bbox 225 1869 341 1944; x_wconf 85' lang='lat' dir='ltr'><strong>aeger,</strong></span> <span class='ocrx_word' id='word_1_84' title='bbox 360 1845 470 1940; x_wconf 87' lang='lat' dir='ltr'><strong>cujus</strong></span> <span class='ocrx_word' id='word_1_85' title='bbox 491 1843 635 1917; x_wconf 82' lang='lat' dir='ltr'><strong>interea</strong></span> <span class='ocrx_word' id='word_1_86' title='bbox 659 1847 792 1944; x_wconf 90' lang='lat' dir='ltr'><strong>pulsus</strong></span> <span class='ocrx_word' id='word_1_87' title='bbox 821 1847 927 1918; x_wconf 86' lang='lat' dir='ltr'><strong>valde</strong></span> <span class='ocrx_word' id='word_1_88' title='bbox 952 1846 1133 1919; x_wconf 56' lang='lat' dir='ltr'><strong>subsode*</strong></span> 
     </span>
     <span class='ocr_line' id='line_1_14' title="bbox 122 1962 1135 2063; baseline 0.002 -29"><span class='ocrx_word' id='word_1_89' title='bbox 122 1979 228 2052; x_wconf 85' lang='lat' dir='ltr'><strong>rant,</strong></span> <span class='ocrx_word' id='word_1_90' title='bbox 253 1978 295 2036; x_wconf 93' lang='lat' dir='ltr'><strong>ut</strong></span> <span class='ocrx_word' id='word_1_91' title='bbox 324 1962 492 2036; x_wconf 85' lang='lat' dir='ltr'><strong>turunda</strong></span> <span class='ocrx_word' id='word_1_92' title='bbox 520 1963 759 2054; x_wconf 87' lang='lat' dir='ltr'><strong>demeretur,</strong></span> <span class='ocrx_word' id='word_1_93' title='bbox 795 1967 884 2063; x_wconf 84' lang='lat' dir='ltr'><strong>quia</strong></span> <span class='ocrx_word' id='word_1_94' title='bbox 917 1964 1135 2036; x_wconf 75' lang='lat' dir='ltr'><strong>vehementi</strong></span> 
     </span>
     <span class='ocr_line' id='line_1_15' title="bbox 122 2080 1134 2180; baseline 0.001 -26"><span class='ocrx_word' id='word_1_95' title='bbox 122 2081 197 2154; x_wconf 86' lang='lat' dir='ltr'><strong>alvi</strong></span> <span class='ocrx_word' id='word_1_96' title='bbox 208 2080 456 2154; x_wconf 73' lang='lat' dir='ltr'><strong>exonerandae</strong></span> <span class='ocrx_word' id='word_1_97' title='bbox 475 2082 687 2155; x_wconf 86' lang='lat' dir='ltr'><strong>necessitati</strong></span> <span class='ocrx_word' id='word_1_98' title='bbox 695 2085 869 2154; x_wconf 87' lang='lat' dir='ltr'><strong>resistere</strong></span> <span class='ocrx_word' id='word_1_99' title='bbox 882 2083 1134 2180; x_wconf 82' lang='lat' dir='ltr'><strong>ampliusnou</strong></span> 
     </span>
     <span class='ocr_line' id='line_1_16' title="bbox 121 2197 1134 2298; baseline 0 -26"><span class='ocrx_word' id='word_1_100' title='bbox 121 2215 259 2298; x_wconf 88' lang='lat' dir='ltr'><strong>posset.</strong></span> <span class='ocrx_word' id='word_1_101' title='bbox 290 2203 501 2272; x_wconf 80' lang='lat' dir='ltr'><strong>Revocatus</strong></span> <span class='ocrx_word' id='word_1_102' title='bbox 536 2197 736 2298; x_wconf 74' lang='lat' dir='ltr'><strong>chirurgus</strong></span> <span class='ocrx_word' id='word_1_103' title='bbox 762 2201 968 2281; x_wconf 80' lang='lat' dir='ltr'><strong>turundam</strong></span> <span class='ocrx_word' id='word_1_104' title='bbox 992 2197 1134 2290; x_wconf 84' lang='lat' dir='ltr'><strong>aufert,</strong></span> 
     </span>
     <span class='ocr_line' id='line_1_17' title="bbox 121 2314 1134 2416; baseline 0 -26"><span class='ocrx_word' id='word_1_105' title='bbox 121 2314 422 2416; x_wconf 65' lang='lat' dir='ltr'><strong>quam&#39;iugentia</strong></span> <span class='ocrx_word' id='word_1_106' title='bbox 442 2317 613 2388; x_wconf 79' lang='lat' dir='ltr'><strong>concreti</strong></span> <span class='ocrx_word' id='word_1_107' title='bbox 643 2319 837 2415; x_wconf 85' lang='lat' dir='ltr'><strong>sanguinis</strong></span> <span class='ocrx_word' id='word_1_108' title='bbox 864 2317 980 2393; x_wconf 83' lang='lat' dir='ltr'><strong>frusta</strong></span> <span class='ocrx_word' id='word_1_109' title='bbox 1008 2341 1134 2390; x_wconf 85' lang='lat' dir='ltr'><strong>conse·</strong></span> 
     </span>
     <span class='ocr_line' id='line_1_18' title="bbox 119 2433 1133 2534; baseline 0.002 -27"><span class='ocrx_word' id='word_1_110' title='bbox 119 2451 302 2534; x_wconf 86' lang='lat' dir='ltr'><strong>quuntur.</strong></span> <span class='ocrx_word' id='word_1_111' title='bbox 317 2439 410 2506; x_wconf 90' lang='lat' dir='ltr'><strong>Tum</strong></span> <span class='ocrx_word' id='word_1_112' title='bbox 418 2433 541 2533; x_wconf 43' lang='lat' dir='ltr'><strong>,digito</strong></span> <span class='ocrx_word' id='word_1_113' title='bbox 555 2435 616 2508; x_wconf 86' lang='lat' dir='ltr'><strong>illc</strong></span> <span class='ocrx_word' id='word_1_114' title='bbox 628 2436 819 2525; x_wconf 85' lang='lat' dir='ltr'><strong>immisso,</strong></span> <span class='ocrx_word' id='word_1_115' title='bbox 836 2437 975 2508; x_wconf 81' lang='lat' dir='ltr'><strong>vulnus</strong></span> <span class='ocrx_word' id='word_1_116' title='bbox 990 2435 1133 2509; x_wconf 84' lang='lat' dir='ltr'><strong>diutius</strong></span> 
     </span>
     <span class='ocr_line' id='line_1_19' title="bbox 123 2554 1135 2653; baseline -0.002 -26"><span class='ocrx_word' id='word_1_117' title='bbox 123 2556 355 2653; x_wconf 84' lang='lat' dir='ltr'><strong>comprimit,</strong></span> <span class='ocrx_word' id='word_1_118' title='bbox 383 2578 508 2651; x_wconf 84' lang='lat' dir='ltr'><strong>neque</strong></span> <span class='ocrx_word' id='word_1_119' title='bbox 533 2571 703 2626; x_wconf 79' lang='lat' dir='ltr'><strong>removet</strong></span> <span class='ocrx_word' id='word_1_120' title='bbox 731 2555 855 2642; x_wconf 90' lang='lat' dir='ltr'><strong>donec</strong></span> <span class='ocrx_word' id='word_1_121' title='bbox 883 2554 1052 2626; x_wconf 83' lang='lat' dir='ltr'><strong>turunda</strong></span> <span class='ocrx_word' id='word_1_122' title='bbox 1077 2554 1135 2626; x_wconf 86' lang='lat' dir='ltr'><strong>iis·</strong></span> 
     </span>
     <span class='ocr_line' id='line_1_20' title="bbox 123 2672 1132 2772; baseline -0.001 -27"><span class='ocrx_word' id='word_1_123' title='bbox 123 2674 211 2746; x_wconf 87' lang='lat' dir='ltr'><strong>dem</strong></span> <span class='ocrx_word' id='word_1_124' title='bbox 236 2697 278 2745; x_wconf 89' lang='lat' dir='ltr'><strong>ac</strong></span> <span class='ocrx_word' id='word_1_125' title='bbox 291 2675 419 2770; x_wconf 81' lang='lat' dir='ltr'><strong>prior,</strong></span> <span class='ocrx_word' id='word_1_126' title='bbox 437 2672 721 2746; x_wconf 81' lang='lat' dir='ltr'><strong>medicamentis</strong></span> <span class='ocrx_word' id='word_1_127' title='bbox 740 2674 833 2746; x_wconf 88' lang='lat' dir='ltr'><strong>illita</strong></span> <span class='ocrx_word' id='word_1_128' title='bbox 854 2689 891 2746; x_wconf 88' lang='lat' dir='ltr'><strong>et</strong></span> <span class='ocrx_word' id='word_1_129' title='bbox 910 2697 1132 2772; x_wconf 86' lang='lat' dir='ltr'><strong>conspersa,</strong></span> 
     </span>
     <span class='ocr_line' id='line_1_21' title="bbox 123 2789 1134 2890; baseline -0.001 -25"><span class='ocrx_word' id='word_1_130' title='bbox 123 2792 189 2865; x_wconf 86' lang='lat' dir='ltr'><strong>sed</strong></span> <span class='ocrx_word' id='word_1_131' title='bbox 209 2791 347 2890; x_wconf 84' lang='lat' dir='ltr'><strong>(qualis</strong></span> <span class='ocrx_word' id='word_1_132' title='bbox 364 2817 384 2860; x_wconf 86' lang='lat' dir='ltr'><strong>a</strong></span> <span class='ocrx_word' id='word_1_133' title='bbox 399 2792 525 2888; x_wconf 85' lang='lat' dir='ltr'><strong>primo</strong></span> <span class='ocrx_word' id='word_1_134' title='bbox 546 2791 781 2865; x_wconf 84' lang='lat' dir='ltr'><strong>immittenda</strong></span> <span class='ocrx_word' id='word_1_135' title='bbox 809 2789 944 2887; x_wconf 84' lang='lat' dir='ltr'><strong>fuerat)</strong></span> <span class='ocrx_word' id='word_1_136' title='bbox 975 2793 1134 2864; x_wconf 80' lang='lat' dir='ltr'><strong>crassior</strong></span> 
     </span>
     <span class='ocr_line' id='line_1_22' title="bbox 123 2908 1135 3008; baseline 0 -27"><span class='ocrx_word' id='word_1_137' title='bbox 123 2925 253 3008; x_wconf 84' lang='lat' dir='ltr'><strong>parata</strong></span> <span class='ocrx_word' id='word_1_138' title='bbox 267 2923 363 2982; x_wconf 87' lang='lat' dir='ltr'><strong>esset</strong></span> <span class='ocrx_word' id='word_1_139' title='bbox 381 2933 464 3004; x_wconf 74' lang='lat' dir='ltr'><strong>quse</strong></span> <span class='ocrx_word' id='word_1_140' title='bbox 480 2908 694 2985; x_wconf 76' lang='lat' dir='ltr'><strong>inderetur:</strong></span> <span class='ocrx_word' id='word_1_141' title='bbox 710 2934 881 3006; x_wconf 88' lang='lat' dir='ltr'><strong>aegreque</strong></span> <span class='ocrx_word' id='word_1_142' title='bbox 895 2911 1046 2982; x_wconf 88' lang='lat' dir='ltr'><strong>tandem</strong></span> <span class='ocrx_word' id='word_1_143' title='bbox 1066 2933 1135 3008; x_wconf 86' lang='lat' dir='ltr'><strong>per</strong></span> 
     </span>
     <span class='ocr_line' id='line_1_23' title="bbox 121 3027 1134 3124; baseline -0.002 -24"><span class='ocrx_word' id='word_1_144' title='bbox 121 3029 202 3100; x_wconf 80' lang='lat' dir='ltr'><strong>haec</strong></span> <span class='ocrx_word' id='word_1_145' title='bbox 223 3029 374 3124; x_wconf 80' lang='lat' dir='ltr'><strong>sanguis</strong></span> <span class='ocrx_word' id='word_1_146' title='bbox 388 3051 626 3124; x_wconf 84' lang='lat' dir='ltr'><strong>compressus</strong></span> <span class='ocrx_word' id='word_1_147' title='bbox 650 3041 715 3098; x_wconf 87' lang='lat' dir='ltr'><strong>est.</strong></span> <span class='ocrx_word' id='word_1_148' title='bbox 736 3027 807 3098; x_wconf 84' lang='lat' dir='ltr'><strong>Sed</strong></span> <span class='ocrx_word' id='word_1_149' title='bbox 827 3027 906 3098; x_wconf 84' lang='lat' dir='ltr'><strong>haec</strong></span> <span class='ocrx_word' id='word_1_150' title='bbox 922 3053 1002 3100; x_wconf 88' lang='lat' dir='ltr'><strong>non</strong></span> <span class='ocrx_word' id='word_1_151' title='bbox 1024 3027 1134 3103; x_wconf 86' lang='lat' dir='ltr'><strong>aliam</strong></span> 
     </span>
     <span class='ocr_line' id='line_1_24' title="bbox 122 3147 1135 3234; baseline -0.003 -14"><span class='ocrx_word' id='word_1_152' title='bbox 122 3147 175 3220; x_wconf 81' lang='lat' dir='ltr'><strong>ob</strong></span> <span class='ocrx_word' id='word_1_153' title='bbox 198 3171 347 3218; x_wconf 84' lang='lat' dir='ltr'><strong>eausam</strong></span> <span class='ocrx_word' id='word_1_154' title='bbox 377 3163 586 3219; x_wconf 85' lang='lat' dir='ltr'><strong>memorata</strong></span> <span class='ocrx_word' id='word_1_155' title='bbox 619 3161 728 3234; x_wconf 89' lang='lat' dir='ltr'><strong>suut,</strong></span> <span class='ocrx_word' id='word_1_156' title='bbox 753 3148 823 3218; x_wconf 88' lang='lat' dir='ltr'><strong>nisi</strong></span> <span class='ocrx_word' id='word_1_157' title='bbox 847 3151 950 3218; x_wconf 92' lang='lat' dir='ltr'><strong>utin</strong></span> <span class='ocrx_word' id='word_1_158' title='bbox 980 3161 1135 3218; x_wconf 86' lang='lat' dir='ltr'><strong>contro-</strong></span> 
     </span>
     <span class='ocr_line' id='line_1_25' title="bbox 122 3264 1134 3363; baseline 0 -29"><span class='ocrx_word' id='word_1_159' title='bbox 122 3289 229 3337; x_wconf 86' lang='lat' dir='ltr'><strong>versa</strong></span> <span class='ocrx_word' id='word_1_160' title='bbox 247 3264 446 3336; x_wconf 84' lang='lat' dir='ltr'><strong>excidendi</strong></span> <span class='ocrx_word' id='word_1_161' title='bbox 457 3266 566 3363; x_wconf 86' lang='lat' dir='ltr'><strong>penis</strong></span> <span class='ocrx_word' id='word_1_162' title='bbox 579 3267 724 3336; x_wconf 88' lang='lat' dir='ltr'><strong>ratione</strong></span> <span class='ocrx_word' id='word_1_163' title='bbox 743 3265 836 3362; x_wconf 91' lang='lat' dir='ltr'><strong>quid</strong></span> <span class='ocrx_word' id='word_1_164' title='bbox 849 3281 941 3338; x_wconf 89' lang='lat' dir='ltr'><strong>tunc</strong></span> <span class='ocrx_word' id='word_1_165' title='bbox 956 3264 1134 3336; x_wconf 84' lang='lat' dir='ltr'><strong>Valsalvae</strong></span> 
     </span>
     <span class='ocr_line' id='line_1_26' title="bbox 122 3382 1136 3481; baseline 0 -27"><span class='ocrx_word' id='word_1_166' title='bbox 122 3382 326 3481; x_wconf 81' lang='lat' dir='ltr'><strong>placuerit,</strong></span> <span class='ocrx_word' id='word_1_167' title='bbox 345 3382 590 3480; x_wconf 88' lang='lat' dir='ltr'><strong>intelligeres,</strong></span> <span class='ocrx_word' id='word_1_168' title='bbox 610 3385 778 3480; x_wconf 88' lang='lat' dir='ltr'><strong>itemque</strong></span> <span class='ocrx_word' id='word_1_169' title='bbox 796 3383 855 3454; x_wconf 89' lang='lat' dir='ltr'><strong>vel</strong></span> <span class='ocrx_word' id='word_1_170' title='bbox 870 3383 990 3454; x_wconf 91' lang='lat' dir='ltr'><strong>multo</strong></span> <span class='ocrx_word' id='word_1_171' title='bbox 1010 3384 1136 3454; x_wconf 89' lang='lat' dir='ltr'><strong>senio-</strong></span> 
     </span>
     <span class='ocr_line' id='line_1_27' title="bbox 123 3499 1172 3600; baseline 0 -28"><span class='ocrx_word' id='word_1_172' title='bbox 123 3499 245 3588; x_wconf 85' lang='lat' dir='ltr'><strong>ribus,</strong></span> <span class='ocrx_word' id='word_1_173' title='bbox 261 3517 299 3572; x_wconf 89' lang='lat' dir='ltr'><strong>et</strong></span> <span class='ocrx_word' id='word_1_174' title='bbox 321 3502 531 3574; x_wconf 86' lang='lat' dir='ltr'><strong>exercitatis</strong></span> <span class='ocrx_word' id='word_1_175' title='bbox 552 3501 748 3600; x_wconf 86' lang='lat' dir='ltr'><strong>chirurgis</strong></span> <span class='ocrx_word' id='word_1_176' title='bbox 769 3504 896 3573; x_wconf 89' lang='lat' dir='ltr'><strong>omnia</strong></span> <span class='ocrx_word' id='word_1_177' title='bbox 922 3527 1005 3600; x_wconf 84' lang='lat' dir='ltr'><strong>quae</strong></span> <span class='ocrx_word' id='word_1_178' title='bbox 1035 3503 1135 3576; x_wconf 78' lang='lat' dir='ltr'><strong>inter</strong></span> <span class='ocrx_word' id='word_1_179' title='bbox 1168 3545 1172 3554; x_wconf 92' lang='lat'><em>·</em></span> 
     </span>
     <span class='ocr_line' id='line_1_28' title="bbox 122 3618 1136 3718; baseline 0.001 -27"><span class='ocrx_word' id='word_1_180' title='bbox 122 3619 361 3717; x_wconf 80' lang='lat' dir='ltr'><strong>operandum</strong></span> <span class='ocrx_word' id='word_1_181' title='bbox 393 3618 563 3691; x_wconf 90' lang='lat' dir='ltr'><strong>accidere</strong></span> <span class='ocrx_word' id='word_1_182' title='bbox 578 3635 755 3718; x_wconf 85' lang='lat' dir='ltr'><strong>possunt,</strong></span> <span class='ocrx_word' id='word_1_183' title='bbox 783 3621 912 3692; x_wconf 87' lang='lat' dir='ltr'><strong>animo</strong></span> <span class='ocrx_word' id='word_1_184' title='bbox 929 3645 1008 3692; x_wconf 87' lang='lat' dir='ltr'><strong>esse</strong></span> <span class='ocrx_word' id='word_1_185' title='bbox 1026 3635 1136 3692; x_wconf 80' lang='lat' dir='ltr'><strong>antee</strong></span> 
     </span>
     <span class='ocr_line' id='line_1_29' title="bbox 124 3736 1136 3836; baseline -0.002 -24"><span class='ocrx_word' id='word_1_186' title='bbox 124 3736 405 3834; x_wconf 85' lang='lat' dir='ltr'><strong>prospicienda.</strong></span> <span class='ocrx_word' id='word_1_187' title='bbox 429 3740 614 3808; x_wconf 74' lang='lat' dir='ltr'><strong>Caeterum</strong></span> <span class='ocrx_word' id='word_1_188' title='bbox 635 3737 741 3836; x_wconf 89' lang='lat' dir='ltr'><strong>quod</strong></span> <span class='ocrx_word' id='word_1_189' title='bbox 769 3737 818 3814; x_wconf 80' lang='lat' dir='ltr'><strong>ad</strong></span> <span class='ocrx_word' id='word_1_190' title='bbox 849 3739 1010 3836; x_wconf 82' lang='lat' dir='ltr'><strong>primam</strong></span> <span class='ocrx_word' id='word_1_191' title='bbox 1028 3761 1136 3811; x_wconf 88' lang='lat' dir='ltr'><strong>cura·</strong></span> 
     </span>
     <span class='ocr_line' id='line_1_30' title="bbox 124 3853 1137 3962; baseline 0 -37"><span class='ocrx_word' id='word_1_192' title='bbox 124 3855 267 3925; x_wconf 89' lang='lat' dir='ltr'><strong>tionem</strong></span> <span class='ocrx_word' id='word_1_193' title='bbox 314 3857 481 3962; x_wconf 75' lang='lat' dir='ltr'><strong>attinet,</strong></span> <span class='ocrx_word' id='word_1_194' title='bbox 505 3853 638 3954; x_wconf 83' lang='lat' dir='ltr'><strong>legesis</strong></span> <span class='ocrx_word' id='word_1_195' title='bbox 672 3857 775 3938; x_wconf 85' lang='lat' dir='ltr'><strong>inter</strong></span> <span class='ocrx_word' id='word_1_196' title='bbox 804 3870 950 3928; x_wconf 70' lang='lat' dir='ltr'><strong>veteres</strong></span> <span class='ocrx_word' id='word_1_197' title='bbox 982 3855 1137 3930; x_wconf 81' lang='lat' dir='ltr'><strong>Benive·</strong></span> 
     </span>
    </p>
   </div>
   <div class='ocr_carea' id='block_1_3' title="bbox 0 0 1410 4656">
    <p class='ocr_par' dir='ltr' id='par_1_3' title="bbox 0 0 1410 4656">
     <span class='ocr_line' id='line_1_31' title="bbox 0 0 1410 4656; baseline 0 0"><span class='ocrx_word' id='word_1_198' title='bbox 0 0 1410 4656; x_wconf 95' lang='lat' dir='ltr'><strong> </strong></span> 
     </span>
    </p>
   </div>
  </div>
 </body>
</html>
