2872 4660
130 475 199 522 un.
227 471 282 520 111.
310 471 357 517 DE
383 467 520 518 uoltms
537 469 708 533 vaurms,
733 469 844 518 EPIST.
871 473 1000 520 xtvflt.
1040 475 1083 550 77

84 593 213 666 limum
233 588 342 674 alias,
367 584 563 656 vinculum
592 583 753 656 crassius
774 601 869 658 esset
887 611 956 684 per
983 589 1088 687 quod

86 734 167 783 cum
188 721 299 780 utero
324 703 557 776 nectebatur.
580 706 740 792 Uterus,
766 703 937 802 alioquin
957 731 1087 797 sanus,

86 827 257 912 inlatus,
287 823 481 894 sinistrum
515 845 563 892 au
598 819 794 892 dexterum
822 823 970 920 scriptis
1009 849 1090 896 non

88 943 257 1017 commisi
269 938 458 1039 vergebat.

131 1061 188 1134 33.
208 1059 288 1131 Etsi
304 1057 502 1128 mulierem
527 1053 627 1126 hanc
653 1052 731 1126 dixi
757 1053 869 1130 fuisse
894 1057 1091 1148 claudam,

89 1195 122 1252 et
146 1175 280 1250 clauda
303 1199 458 1272 quoque
484 1169 556 1245 fuit
579 1195 708 1243 earum
735 1174 859 1272 aliqua
887 1175 927 1246 in
951 1176 1091 1274 quibus

89 1298 179 1368 uteri
198 1293 485 1365 inclinationem
501 1290 590 1362 alias
604 1288 664 1389 (1)
683 1290 915 1364 describam:
934 1297 1004 1367 etsi
1018 1297 1090 1367 Ga-

87 1415 186 1488 lenus
198 1411 260 1512 (a)
279 1409 428 1482 videtur
450 1407 636 1496 iudicare,
654 1394 795 1506 quibus
809 1409 872 1481 illa
887 1426 959 1500 est,
973 1414 1089 1485 inter-

90 1529 172 1604 dum
190 1537 229 1601 in
249 1553 389 1600 coxam
415 1526 585 1598 dolorem
610 1531 783 1613 transire,
807 1542 845 1597 et
864 1551 948 1600 cras
972 1536 1092 1628 msam

90 1649 187 1750 quod
196 1674 218 1719 e
243 1651 397 1743 regione
419 1660 491 1731 est,
502 1669 575 1742 per
601 1649 780 1716 incessum
798 1645 1038 1740 claudicare,
1056 1663 1094 1723 et

90 1769 293 1840 Sennertus
318 1763 372 1859 (3)
397 1787 443 1834 ex
467 1761 658 1834 Philaltaeo
683 1761 730 1833 de
761 1763 925 1861 quadam
958 1763 1093 1857 refert,

92 1910 196 1984 quam
204 1883 258 1958 ob
269 1907 350 1954 eam
364 1903 514 1953 causam
529 1879 695 1951 ischiada
709 1881 885 1954 laborare
896 1885 1093 1982 putabant,

95 2006 238 2076 saxonia
253 2017 383 2074 autem
399 1998 458 2096 (d)
480 1999 794 2071 claudicationem
814 2025 885 2098 pro
905 2004 1013 2102 signo
1031 2031 1096 2104 po-

94 2124 164 2212 nit,
181 2145 300 2221 quam
319 2120 361 2190 in
378 2125 524 2218 partem
547 2131 677 2188 uterus
695 2118 871 2206 inclinet,
895 2121 1093 2220 additque,

96 2255 210 2314 artum
230 2237 509 2312 claudicantem
523 2258 601 2306 non
615 2235 756 2322 solum,
777 2236 890 2309 sedet
909 2254 1032 2310 artum
1049 2240 1097 2313 ab

97 2358 221 2430 eodem
253 2357 372 2427 latere
399 2337 653 2452 superiorem,
679 2379 725 2424 ex
749 2357 903 2452 propria
923 2355 1100 2429 observa-

98 2477 214 2566 tione,
230 2489 417 2560 tremore,
428 2467 465 2542 et
479 2485 632 2570 stupore
649 2468 974 2562 affici;tamenaut
986 2475 1099 2575 longe

97 2595 276 2692 majorem
301 2589 604 2678 inclinationem,
624 2614 738 2687 quam
773 2615 844 2688 ego
866 2592 1100 2685 invenerim,

98 2710 307 2811 designant,
326 2723 391 2778 aut
400 2723 550 2796 tumor,
568 2706 756 2804 dolorque
773 2709 890 2798 uteri,
906 2711 1011 2807 quod
1027 2716 1099 2783 Ga·

98 2827 198 2902 lenus
208 2827 268 2927 (5)
285 2824 441 2898 fortasse
455 2825 593 2914 voluit,
607 2824 655 2895 ad
667 2825 952 2898 inclinationem
966 2829 1024 2926 adj
1029 2855 1102 2901 un-

100 2948 215 3046 gitur,
235 2960 279 3018 ut
294 2945 348 3016 sic
365 2943 520 3041 quidem
538 2943 680 3041 premi,
697 2940 879 3042 tendique
890 2948 999 3016 nervi
1015 2967 1104 3046 pos·

101 3065 169 3136 sint
195 3064 263 3164 qui
286 3087 357 3161 per
381 3061 624 3161 idempelvis
651 3061 747 3133 latus
776 3085 863 3133 crus
883 3079 1037 3161 petunt,
1067 3081 1104 3138 et

102 3206 182 3258 cum
211 3180 419 3283 superioris
445 3195 548 3252 artus
570 3181 696 3251 nervis
728 3204 797 3277 per
824 3181 1103 3255 intercostalem

103 3301 334 3400 colligantur.
362 3301 441 3398 Ego
461 3313 562 3370 certe
586 3298 626 3367 in
645 3295 837 3394 plerisque
863 3321 993 3370 earum
1019 3303 1105 3399 qui·
