2816 5282
269 407 342 480 620
444 433 489 478 nn
516 431 662 480 sumnus
687 433 732 480 nr
757 433 881 482 crusts
908 435 1114 482 nonnarum

271 547 330 616 nis
348 547 595 642 posteriorem
618 543 763 644 partem
781 546 932 634 duram,
957 563 1055 621 etex
1075 545 1257 621 substantia

274 664 452 761 hepaticoe
465 663 584 734 simili.
606 666 878 737 Concretiones
895 666 1087 764 polyposae
1114 680 1210 738 erant
1226 665 1257 732 in

273 782 369 852 vasis
380 783 548 879 magnis,
578 797 615 854 et
635 781 759 853 cordis
782 783 1015 869 ventriculis,
1048 784 1087 852 in
1115 805 1258 880 quorum

275 897 430 972 dextero
451 902 772 998 sanguisquoque
788 925 875 972 eum
889 903 1007 973 aereis
1020 900 1179 972 bullulis.
1196 903 1261 970 Cra·

277 1016 343 1088 nio
363 1032 527 1104 resecto,
554 1017 593 1088 in
623 1017 765 1088 laterali
791 1019 874 1090 sinu
909 1019 1065 1090 dextero
1097 1016 1263 1089 crassioris

278 1135 467 1233 meningis
498 1136 647 1232 sanguis
679 1151 901 1240 concretae,
933 1127 1124 1208 in‘altero
1150 1134 1264 1206 liuidus

278 1267 504 1349 conspectus
522 1268 599 1338 est,
619 1277 689 1323 nec
703 1254 783 1324 sine
801 1253 912 1326 bullis
927 1255 1039 1326 etiam
1060 1251 1263 1352 majusculis.

277 1369 389 1440 Bullae
408 1395 562 1466 quoque
579 1370 749 1468 plurimae
765 1371 835 1442 sub
852 1375 960 1442 tenui
980 1373 1178 1471 meninge,
1191 1395 1265 1468 prae·

185 1493 188 1504 '
280 1489 407 1558 sertim
428 1487 475 1557 ad
497 1488 689 1558 sinistrum
712 1487 858 1560 cerebri
883 1491 1114 1562 anteriorem
1142 1487 1263 1559 lobum.

279 1607 386 1699 Aqua
416 1617 593 1701 praeterea
624 1604 694 1676 sub
721 1605 872 1694 eadem;
905 1607 1013 1702 cujus
1041 1633 1148 1704 aquae
1178 1627 1268 1702 sapor

279 1722 505 1792 nonnemiui
524 1724 591 1818 qui
609 1738 758 1819 gustare
772 1723 913 1818 voluit,
928 1723 1030 1795 visus
1046 1749 1127 1795 esse
1144 1721 1267 1806 nullus,

283 1853 347 1910 aut
368 1853 469 1910 certe
486 1841 547 1908 vix
570 1840 755 1913 levissime
779 1841 908 1912 salsus.
931 1845 974 1910 In
994 1837 1208 1914 ventriculis
1222 1863 1269 1910 ce-

280 1956 384 2030 rebri
404 1981 501 2054 aqua
522 1983 601 2028 non
617 1982 745 2056 pauca.
765 1962 843 2031 Nec
861 1983 980 2056 pauca
1008 1957 1153 2055 effluxit
1173 1981 1270 2030 ever·

281 2072 475 2146 tebrarum
493 2073 822 2173 tubu,praesertim
837 2101 922 2146 cum
942 2076 1113 2164 lumbos,
1131 2092 1167 2147 et
1183 2099 1219 2146 os
1233 2097 1270 2143 sa·

285 2215 390 2262 crum
409 2192 529 2262 attolli
551 2194 752 2289 jussissem.
785 2197 929 2264 Laxum
947 2193 1199 2282 cerebellum,
1222 2187 1269 2260 fir·

284 2333 389 2378 mum
407 2309 628 2381 cerebrum:
659 2326 695 2382 et
721 2335 804 2407 quae
835 2334 903 2408 per
929 2312 1042 2408 hujus
1065 2307 1269 2382 ventriculos

283 2427 469 2524 repebant
485 2453 571 2526 vasa
595 2425 829 2526 sanguilera,
856 2429 1067 2528 plexusque
1098 2425 1272 2502 choroides

284 2546 440 2617 minime
457 2546 679 2617 albicabant.

335 2660 389 2732 50.
418 2663 530 2754 Quod
546 2667 692 2735 censuit
712 2664 895 2736 Vallesius
916 2664 970 2762 (ι)
989 2689 1105 2764 super
1123 2663 1185 2736 illo
1201 2662 1271 2757 Hip·

285 2781 448 2877 pocratis
466 2780 707 2854 adolescente
720 2783 787 2880 qui
803 2799 1023 2854 cucurrerat
1038 2809 1110 2882 per
1126 2785 1214 2854 viam
1230 2802 1271 2849 as-

285 2923 433 2996 peram,
452 2899 620 2997 indeque
655 2899 779 2970 dolait
801 2900 1019 2972 calcaneum
1042 2907 1205 2973 maxime
1229 2903 1270 2965 ia·

274 3019 396 3110 sema
404 3033 541 3116 parte,
572 3042 666 3115 qua,
684 3032 720 3088 ct
739 3019 862 3088 vicina
876 3018 981 3116 nigra
999 3018 1114 3106 lacta,
1128 3018 1270 3088 diesem-

211 3181 214 3188 ·
287 3137 381 3207 nino
405 3160 431 3206 a
452 3160 561 3207 cursu
579 3141 680 3208 vixit
693 3141 848 3231 viginti,
873 3150 909 3206 et
931 3135 1035 3233 quod
1062 3139 1152 3208 item
1172 3141 1269 3228 Auge·

185 3242 194 3256 '
288 3255 373 3324 nius
390 3252 468 3348 (2)‚'
499 3279 584 3324 cum
605 3253 652 3324 de
671 3252 849 3350 'pluribus
879 3254 1120 3352 loqueretur,
1142 3253 1201 3349 qui
1216 3245 1269 3317 levi

286 3379 332 3442 cx
350 3372 508 3443 vulnere
519 3374 730 3470 perierant,
746 3385 783 3442 et
803 3372 1025 3442 nominatim
1048 3370 1095 3442 de
1109 3375 1155 3442 M.
1172 3364 1270 3438 Sobri-

235 3520 237 3528 ’
286 3489 410 3560 rantio
436 3513 484 3560 ex
512 3487 632 3588 plaga
662 3494 700 3560 ia
725 3487 904 3560 calcaneo
932 3487 1139 3560 admodum
1159 3490 1270 3579 em'gua

287 3609 440 3704 inflicta,
448 3622 592 3704 prceter
607 3613 774 3678 omnium
785 3631 888 3704 spem
900 3605 1189 3704 decimaquarta
1199 3621 1271 3672 mor

697 3773 1272 3800 ‘mm-...0⁴-

330 3869 375 3946 (ι)
396 3872 562 3926 Commeat.
578 3868 610 3923 in
621 3871 641 3924 l.
658 3867 675 3924 5
690 3869 816 3944 epidem.
830 3887 861 3923 n.
877 3873 924 3939 47.

329 3970 371 4048 (a)
394 3972 479 4026 Tom.
497 3990 528 4043 1,
544 3971 564 4026 l.
579 3989 613 4044 9,
629 3970 724 4046 Epist.
740 3968 847 4028 medic.
870 3987 887 4028 2
896 4011 907 4042 ,
920 3969 967 4027 vel
978 3966 1081 4043 potius
1096 3967 1126 4024 3.

267 4427 486 4648 ...4
