2828 4652
177 465 246 520 us.
269 459 323 508 111.
352 461 399 508 on
424 456 561 508 morters
579 457 749 524 vrrrms,
774 457 885 508 rrisr.
907 461 1033 509 xsvnt.
1066 435 1133 512 135

123 549 331 678 postquam
346 588 498 646 mortua
518 571 702 659 editaest‚
722 585 835 680 atque
852 586 895 644 nt
911 571 1053 660 diutius
1071 573 1134 648 du·

123 708 251 780 raret,
268 707 400 765 ventre
424 676 571 792 aperto,
590 705 627 762 et
646 690 853 764 visceribus
871 691 1063 792 plerisque
1088 713 1134 766 ex
1212 708 1214 712 '

124 813 213 910 ipso
230 811 424 898 detractis,
445 825 527 884 tum
544 809 826 909 diaphragmate
839 811 969 895 scisse,
984 826 1021 882 et
1036 813 1135 910 peri-

128 929 260 1002 ·cardio
275 910 448 1017 recluso,
467 929 558 1000 dum
584 939 604 1000 e
627 926 825 1000 montibus
839 931 1029 1002 Veronam
1059 931 1137 1028 pri·
1288 963 1290 970 x

126 1067 237 1119 mum
252 1076 263 1136 ·,
280 1046 373 1118 inde
387 1061 513 1120 autem
535 1048 729 1119 Patavium
749 1043 926 1119 translata
945 1059 1022 1136 est,
1052 1049 1136 1145 ipso
1202 1031 1207 1038 ⁸

135 1165 320 1263 temporis
338 1155 683 1238 intervallominus
703 1165 940 1256 dissertioni,
959 1171 1140 1237 accurate
1195 1235 1197 1242 t

130 1303 206 1382 quc
235 1282 491 1356 observationi
513 1282 652 1354 idonea
680 1281 776 1356 facta
798 1298 903 1356 esset.
939 1287 1061 1356 Pauca
1081 1298 1139 1354 ta-

133 1425 250 1490 men,
271 1421 358 1500 quae
371 1401 552 1474 adnotare
572 1401 695 1502 potui,
722 1401 797 1474 huc
814 1397 1026 1476 adscribere
1045 1403 1150 1511 ineis
1181 1434 1183 1440 ·

126 1521 243 1620 piam.
300 1561 303 1566 ·

180 1637 239 1736 57.
260 1638 396 1737 Bieeps-
410 1638 550 1728 vitula,
571 1637 678 1736 cujus
698 1659 824 1738 neque
849 1641 992 1740 capita,
1010 1657 1138 1738 neque
1192 1721 1196 1728 .

128 1756 249 1845 colla,
268 1757 299 1828 si
315 1757 415 1828 inter
425 1781 463 1829 se
473 1755 683 1847 conferres,
697 1777 767 1829 nec
779 1778 917 1857 corpus
931 1757 1139 1856 reliquum,

128 1876 271 1948 sicum
292 1874 376 1947 aliis
398 1875 524 1947 vitriis
547 1876 673 1974 partui
702 1875 859 1948 maturis
880 1895 1139 1974 comparares,
1206 1973 1208 1978 ι
1265 1965 1267 1971 Ι

128 1992 358 2065 discriminis
396 1987 474 2064 fere
505 1991 738 2091 quidquem,
787 1995 951 2066 exterius
983 1991 1140 2092 quidem

130 2124 318 2208 spectata,
346 2108 619 2198 ostendebant,
642 2109 802 2212 thorace·
836 2124 967 2210 aperto
993 2093 1140 2208 perlus-

129 2241 326 2325 tratoqne,
338 2227 417 2298 hec
431 2225 614 2298 exhibuit:
627 2227 767 2326 Spinae,
785 2241 827 2300 ut
839 2251 885 2300 ex
897 2227 1044 2300 duabus
1057 2247 1140 2300 cer·

130 2345 283 2418 vicibus
300 2343 496 2444 profecte,
514 2345 620 2418 sicin
640 2343 796 2418 thorace
815 2345 898 2418 dure
911 2365 990 2418 esse
1007 2365 1140 2445 perge-

129 2463 250 2553 bant,
263 2462 464 2536 intervaiio
480 2461 608 2562 aliquo
631 2463 846 2560 disjunctae,
867 2459 973 2562 quod
996 2478 1140 2562 quanto

127 2581 203 2654 itte
220 2579 501 2678 descendebant
516 2581 654 2680 magis,
673 2596 779 2654 tento·
793 2580 918 2680 ipsum
939 2581 1057 2680 magis
1078 2581 1140 2684 de-

129 2699 342 2787 crescebat,
359 2715 402 2772 nt
425 2698 590 2798 deniqne
617 2695 716 2772 infra
740 2699 936 2774 thoracem
962 2722 1043 2770 non
1061 2719 1140 2770 am-

129 2817 232 2916 piins
258 2816 345 2888 duae
368 2829 493 2890 essent
527 2817 666 2915 spinae,
702 2816 769 2888 sed
790 2841 875 2889 una.
916 2811 1139 2914 Eodemque

128 2930 267 3006 ordine
298 2933 476 3006 breviora
502 2929 652 3006 fiebant·
681 2947 891 3014 transversa
921 2957 1024 3024 ossa,
1059 2956 1140 3030 quae

130 3053 246 3124 costis
267 3052 532 3142 crassitudine,
556 3049 775 3141 fatitudine,
802 3067 840 3124 et
866 3049 953 3126 sede
981 3071 1141 3149 respon·

130 3169 261 3243 dentia
279 3169 319 3240 in
336 3163 409 3242 'tite'
428 3173 620 3270 spinarum
641 3169 838 3243 mtervallo
862 3167 1009 3268 singula
1033 3184 1141 3241 erant

55 3287 58 3292 ’
131 3287 330 3360 collocate.
362 3288 578 3362 Secundum
615 3288 655 3360 id
684 3276 923 3362 intervallum
949 3285 1141 3359 serebatur

131 3415 279 3506 magnai
302 3407 450 3480 arteriae
469 3416 625 3478 truncus
650 3403 903 3494 descendens,
927 3401 1036 3486 raldo
1059 3431 1140 3478 am-

131 3524 237 3624 plus,
255 3526 378 3623 utqui
395 3547 440 3596 ex
454 3522 626 3615 duobus,
643 3527 682 3596 in
703 3549 824 3597 unum
837 3519 1140 3614 confluentibus,

133 3639 369 3732 efficeretur,
388 3665 519 3742 neque·
541 3641 650 3715 bina's
671 3658 837 3731 tantum,
862 3635 927 3715 sed
949 3655 1073 3714 ternas
1095 3667 1141 3712 ex

135 3759 287 3850 ordine,
302 3759 967 3858 ternasqueemittensintercostales
988 3761 1142 3832 arterias
1222 3767 1226 3773 “

137 3877 265 3975 quoad
281 3879 521 3950 intervallum
531 3879 625 3951 illud
637 3875 813 3968 durabat,
838 3893 881 3950 ut
896 3891 984 3978 pote
996 3877 1143 3948 cuiuna

125 3993 267 4070 'earum
285 3997 493 4070 inserviret.
507 3997 659 4098 Singula
675 3997 840 4071 thoracis
853 3993 1081 4084 lateratim,
1094 3991 1142 4066 de
