2828 4652
300 383 347 454 92
380 441 383 450 .
468 383 514 428 DE
540 381 687 430 sautans
711 381 755 426 ET
781 379 904 426 ctusts
930 377 1140 426 MORBORUM

308 495 500 567 cadaveris
524 494 666 580 odore,
689 505 726 565 et
754 495 861 592 sigua
878 494 949 566 alia
974 507 1061 565 sunt
1078 489 1307 577 istiusmodi,

303 611 370 684 ubi
387 611 487 708 haec,
511 615 684 710 inquam,
718 610 904 699 medicoS,
932 610 1179 708 chirurgosve
1208 612 1308 708 peri·

302 732 417 803 tiores
433 729 523 802 illuc
542 729 785 818 adduxerint,
807 744 850 800 ut
861 729 1032 800 unanimi
1056 728 1309 800 consensione

301 845 484 920 infantem
503 873 583 922 esse
603 848 705 919 intus
731 853 947 920 emortuum
971 859 1169 934 censeant;
1192 845 1311 918 altera
1401 850 1402 855 ’

303 990 341 1038 se
371 965 502 1062 objicit
534 963 756 1053 difficultas,
789 989 883 1036 num
921 963 1096 1036 manibus
1126 965 1310 1036 continuo
1401 946 1402 951 ¹

303 1083 484 1172 educere,
511 1109 558 1154 an
581 1084 661 1156 aliis
680 1084 735 1156 uti
757 1099 866 1154 antea
882 1082 1027 1154 auxiliis
1053 1096 1210 1180 praestet.
1232 1085 1310 1152 Me·
1399 1133 1401 1144 .

301 1203 416 1290 mini,
445 1227 531 1273 cum
549 1203 725 1273 Bononiae
745 1201 902 1273 medicis
921 1200 1054 1274 studiis
1072 1225 1228 1298 operam
1246 1189 1310 1272 da·

300 1343 400 1407 rem,
414 1317 559 1392 duabus
572 1318 782 1392 illustribus
798 1319 980 1392 matronis
997 1343 1075 1390 uno
1095 1316 1310 1415 eodemque
1400 1337 1401 1350 ¹

303 1461 406 1507 anno
428 1437 626 1524 accidisse,
644 1452 686 1508 ut
711 1437 843 1536 p'arere
867 1461 945 1508 non
966 1450 1136 1534 possent,
1164 1450 1312 1507 etcum

303 1555 500 1652 utriusque
522 1539 633 1626 foetus
660 1570 877 1628 censeretur
906 1557 1098 1637 mortuus,
1130 1579 1175 1633 er
1196 1553 1313 1624 altera

304 1669 472 1769 chirurgi
500 1671 673 1745 manibus
698 1674 772 1744 cito
792 1673 1022 1760 detractum,
1041 1697 1087 1743 ex
1108 1672 1224 1743 altera
1250 1696 1314 1743 au·

304 1803 381 1861 tem
421 1791 701 1888 expectatione,
733 1806 769 1864 et
804 1791 972 1888 clysteris
1001 1791 1207 1889 praesertim
1241 1813 1315 1862 usu

305 1907 531 1980 emollientis
546 1909 657 1982 simul
674 1923 711 1982 et
729 1909 972 1997 stimulantis,
994 1905 1107 1980 luisse
1128 1908 1313 2003 ejectum,
1401 1899 1402 1922 ¹

304 2027 432 2124 priore
451 2026 513 2098 illa
528 2027 681 2126 paululo
696 2041 783 2125 post
794 2042 959 2115 mortua,
974 2025 1045 2099 hac
1062 2039 1215 2098 servata.
1225 2071 1229 2080 ·
1239 2026 1316 2115 Qui

303 2144 500 2242 utriusque
527 2143 695 2218 medicus
724 2143 863 2234 luerat,
890 2147 947 2216 vir
972 2144 1210 2216 doctissimus
1245 2143 1314 2216 etsi

306 2262 473 2338 rationes
488 2261 693 2360 proferret,
716 2265 835 2336 curin
854 2263 918 2334 illa
930 2263 1002 2334 sibi
1020 2261 1151 2336 fuisset
1174 2285 1316 2360 prope-

310 2379 494 2466 randum,
520 2381 559 2450 in
584 2380 655 2452 hac
673 2396 869 2478 expectare
886 2380 1070 2469 licuisset3
1087 2396 1215 2452 tamen
1236 2403 1316 2450 non

307 2519 435 2592 parem
454 2521 499 2566 ex
517 2513 660 2568 servata
680 2496 856 2586 laudem,
879 2513 992 2596 atque
1011 2523 1057 2570 ex
1074 2523 1154 2568 non
1172 2511 1317 2570 servata

308 2629 437 2684 notam
455 2614 604 2704 retulit,
634 2616 833 2712 injustam,
855 2631 897 2688 ut
914 2617 1068 2714 opinor,
1102 2614 1168 2687 sed
1190 2630 1316 2686 tamen

308 2730 410 2828 apud
422 2757 501 2803 non
520 2733 709 2830 ignobiles
728 2736 838 2806 etiam
862 2734 1030 2806 medicos
1050 2749 1087 2806 et
1105 2733 1315 2832 chirurgos.

307 2853 352 2920 Et
370 2876 587 2948 quanquam
602 2854 757 2926 minime
772 2851 931 2924 dubium
955 2867 1031 2941 est,
1051 2853 1143 2950 quin
1159 2876 1232 2950 pro
1248 2851 1319 2923 alia

263 2967 265 2972 ’
308 2992 435 3038 rerum
451 2969 669 3042 conditione
687 2970 795 3042 aliter
806 2969 994 3068 agendum
1008 2970 1055 3041 sit
1070 2995 1079 3058 3
1095 2970 1156 3038 vix
1168 2984 1316 3056 tamen,

310 3085 453 3158 nisiex
481 3087 664 3160 concordi
690 3089 1052 3184 spectatissimorum
1081 3086 1319 3158 medicorum

310 3206 495 3276 sententia
510 3207 651 3303 egeris,
668 3191 880 3278 omnemin
901 3205 1074 3304 ancipitis
1093 3204 1222 3292 auxilii
1248 3227 1320 3275 usu

309 3323 647 3420 reprehensionem
668 3320 840 3422 effugies,
859 3324 1064 3422 praesertim
1083 3323 1113 3394 si
1130 3319 1251 3407 forte,
1280 3337 1320 3392 ut

310 3439 350 3510 in
370 3438 465 3528 hoc,
489 3440 688 3538 prudentis
714 3443 983 3540 exercitatique
1018 3438 1186 3538 chirurgi
1213 3440 1321 3538 copia

315 3557 420 3628 desit.
439 3561 571 3656 Neque
597 3561 698 3632 enim
719 3561 805 3634 satis
826 3577 882 3634 est
907 3575 1066 3632 matrem
1084 3582 1232 3630 servare
1246 3583 1256 3647 3
1270 3557 1320 3626 vi-

314 3675 483 3749 dendum
498 3694 553 3750 est
561 3679 730 3777 iusuper,
739 3679 882 3776 nequid
897 3694 1026 3750 uterus
1040 3676 1259 3749 detrimenti
1269 3699 1323 3748 ca·

315 3793 402 3890 piat.
416 3796 620 3868 Consultus
636 3821 720 3868 sum
731 3797 840 3869 annis
853 3794 1114 3896 superioribus
1131 3819 1202 3892 pro
1214 3817 1321 3892 gene-

315 3936 400 3984 rosa
417 3913 591 4004 muliere,
608 3940 692 4013 quae
706 3940 793 3988 cum
814 3931 900 4017 post
912 3929 1076 4014 quatuor
1088 3910 1321 3996 felicissimos
