2784 5088
286 433 357 522 5ιά
448 453 497 503 na
523 453 669 503 samsus
694 455 737 502 ar
763 455 887 503 causrs
913 455 1124 504 rroraonurr

284 571 356 642 bus
388 570 514 642 nervis
545 570 642 640 intra
676 567 979 654 membraneam,
1002 571 1080 658 vel,
1106 571 1136 640 si
1158 558 1296 658 mavis,

219 759 224 772 ,
282 686 502 760 cellulosam
530 688 638 784 quasi
664 687 834 783 vaginam
857 686 1047 775 conclusi,
1072 685 1296 784 perdifficile

283 819 340 878 est
356 807 394 874 in
410 802 670 902 profundo,et
688 829 707 874 a
728 801 946 901 profluente
959 806 1144 902 sauguine
1163 824 1296 903 operto

278 923 371 994 ¹loco
387 923 608 993 alterutrum
629 922 679 992 ita
702 923 979 1020 constringere,
1006 935 1052 992 ut·
1077 947 1161 992 non
1188 924 1297 994 simul

285 1055 350 1112 aut
367 1040 477 1126 alter,
496 1053 614 1110 autex
631 1040 676 1109 iis
687 1038 814 1109 nervis
825 1037 1006 1110 alteruter
1021 1063 1098 1110 una
1112 1042 1298 1113 constrin-

227 1199 232 1210 ·
286 1173 416 1255 gatur,
439 1173 502 1228 aut
520 1181 591 1228 acu
612 1155 743 1228 subter
768 1156 922 1251 trajecta
949 1156 1116 1227 laedatur.
1145 1159 1296 1253 Neque,

285 1279 315 1347 si
336 1273 539 1372 obliganda
553 1275 688 1346 arteria
709 1273 779 1362 sit,
799 1272 954 1343 vinculo
973 1271 1071 1344 iufra
1089 1276 1232 1346 vulnus
1245 1278 1297 1345 in·

282 1393 384 1490 jecto
421 1392 654 1490 adstringere
686 1392 773 1463 satis
804 1406 880 1478 est,
920 1407 963 1462 ut
996 1391 1058 1462 illa
1089 1394 1298 1464 ostendunt

286 1535 369 1608 quae
391 1510 506 1580 modo
527 1509 895 1598 commemorabam,
926 1512 1209 1608 experimenta3
1237 1513 1296 1584 sed

287 1629 407 1700 altero
425 1651 538 1726 supra
562 1628 699 1700 vulnus
717 1653 816 1726 opus
840 1643 904 1700 est.
926 1632 1059 1725 Neque
1077 1643 1122 1700 ut
1140 1631 1181 1699 in
1197 1647 1296 1700 artu-

286 1748 378 1832 bus,
397 1747 448 1816 ita
464 1747 503 1815 in
524 1746 624 1817 collo
642 1759 698 1817 est
714 1747 768 1816 illi
783 1748 1056 1844 compressioni
1068 1747 1176 1820 locus
1189 1803 1196 1834 ,
1208 1775 1297 1846 qua

276 1889 354 1962 per
372 1849 521 1935 fasciam
539 1861 598 1951 fit,
612 1864 780 1935 torcular
796 1865 1017 1952 vocitatam,
1037 1864 1084 1935 ad
1104 1869 1295 1964 sanguinis

285 1983 426 2054 sivein
449 1981 692 2054 constrictam
719 1984 893 2053 arteriam
924 1983 1107 2080 impetum
1124 1985 1297 2056 minuen-

289 2099 403 2188 dum,
424 2101 500 2172 sive
520 2098 769 2198 profluvium,
787 2099 879 2170 dum
899 2099 1101 2199 chirurgus
1126 2104 1222 2199 agit,
1243 2105 1297 2173 in·

287 2217 575 2316 tercipiendum.
615 2219 800 2288 Universo
831 2222 932 2292 enirn
960 2219 1060 2290 collo
1086 2243 1169 2290 eam
1198 2245 1297 2292 com-

287 2339 520 2436 pressionem
540 2335 733 2421 adhiberi,
752 2351 832 2407 tum
854 2337 988 2408 arteria
1013 2358 1146 2436 aspera
1171 2339 1297 2437 prohi·

287 2454 375 2539 bet,
396 2471 477 2526 turn
503 2477 589 2524 vasa
615 2468 744 2524 catera
773 2477 852 2525 non
880 2458 1009 2526 sinunt
1034 2478 1118 2554 quae
1144 2459 1299 2530 minime

289 2587 379 2642 sunt
399 2569 701 2667 comprimenda.¹
735 2575 840 2642 Inter
867 2597 948 2644 eam
973 2587 1099 2644 autem
1132 2571 1301 2658 fasciam,

288 2704 326 2758 et
347 2703 466 2758 certas
491 2687 582 2758 alias
609 2689 698 2759 colli
721 2704 873 2786 partes,
908 2713 1065 2787 eamque
1091 2695 1299 2788 praesertim

285 2829 370 2902 quaa
386 2805 673 2903 comprimenda
692 2823 763 2895 est,
786 2809 855 2878 etsi
867 2810 1056 2905 excogites
1075 2827 1161 2906 quae
1180 2812 1235 2882 sic
1254 2813 1301 2881 in

289 2923 472 3019 terjicias‚
501 2939 544 2994 ut
564 2923 703 2995 horum
726 2927 981 3022 prominentia
1004 2922 1156 2998 fasciam
1185 2928 1236 2999 ab
1262 2930 1304 3001 iis

287 3042 384 3113 locis
403 3057 526 3112 arceat
546 3065 629 3138 quae
646 3043 801 3112 minime
821 3043 1028 3140 premenda
1047 3059 1156 3130 sunt,
1177 3061 1301 3120 tamen

287 3162 320 3232 is
339 3161 406 3257 qui
424 3160 584 3230 maxime
614 3159 846 3256 premendus
865 3177 936 3249 est,
960 3185 1125 3258 quanam
1156 3167 1300 3238 ratione

259 3309 263 3318 ⁴
290 3280 415 3376 premi
428 3279 581 3375 poterit,
594 3279 688 3374 quin
707 3279 819 3350 simul
829 3303 924 3350 cum
936 3280 1145 3376 premenda
1156 3287 1302 3370 arteria,

290 3419 385 3465 vena
399 3419 572 3492 quoque,
603 3409 641 3466 et
660 3397 767 3466 nervi
787 3418 884 3494 quos
907 3419 983 3469 una
1005 3395 1095 3468 ferri
1118 3399 1303 3490 diximuS,

291 3513 619 3610 comprimantur?
637 3517 770 3610 ltaque
783 3539 828 3584 ex
845 3514 903 3587 his
917 3516 1098 3614 intelligis
1116 3541 1303 3592 summam

291 3631 347 3701 rei
382 3627 654 3702 difficultatem.
683 3629 736 3702 Ex
769 3633 1029 3730 superioribus
1056 3651 1184 3707 autem
1223 3641 1305 3710 satis

292 3749 492 3850 perspicis,
519 3750 549 3819 si
577 3745 730 3820 difficile
770 3765 825 3822 est
848 3766 1029 3823 truncum
1058 3752 1228 3852 aliquem
1259 3757 1304 3828 ita

292 3869 459 3953 vincire,
480 3893 527 3938 ue
549 3867 731 3963 proximae
749 3869 857 3940 alteri
871 3871 970 3967 parti
985 3895 1141 3958 noceas,
1161 3873 1255 3947 dum
1269 3876 1304 3944 in

294 3981 487 4084 profundo
511 3999 547 4056 et
576 3987 758 4082 sanguine
782 4003 950 4061 scatente
975 3989 1063 4062 loco
1082 4015 1145 4064 res
1173 3995 1303 4092 agitur,
