2816 5282
275 393 344 468 552
439 417 486 464 nr
512 413 658 464 srnraus
683 417 728 464 ar
753 413 879 464 causrs
903 417 1116 466 moruorum

272 530 324 602 ob
342 529 510 628 spirandi
533 528 699 602 additam
730 527 991 601 difficultatem
1014 532 1067 603 sic
1102 530 1291 624 cubante,

167 637 171 644 ⁴
274 663 318 720 ut
331 647 467 720 thorax
490 646 601 718 altior
622 648 668 720 sit
680 648 875 745 aliquanto
894 629 1023 720 saltem
1038 703 1048 736 ,
1064 673 1184 746 quam
1203 675 1292 722 ven·

271 781 351 854 ter,
372 789 445 863 pus
460 789 505 836 ex
521 765 634 860 hujus
650 765 859 863 posteriore
881 781 987 862 parte
1013 767 1053 836 in
1076 765 1188 836 illum
1216 782 1292 838 tra·

270 885 335 980 jiei
354 884 407 954 sic
424 905 549 980 posse,
580 896 623 954 ut
646 897 751 954 tanto
770 883 906 978 majori
924 884 1033 980 copia
1060 883 1133 971 ibi,
1174 909 1291 980 quam

273 1001 482 1088 iuventte,
505 1014 750 1096 congeratur,
771 1023 852 1070 non
881 1000 931 1070 ita
958 997 1065 1070 facile
1097 1001 1293 1073 est‘intei-

273 1117 387 1190 lectu.
405 1119 483 1188 Nec
502 1117 620 1215 magis
636 1113 741 1186 facile
762 1130 838 1206 est,
858 1118 889 1188 si
908 1114 1004 1188 forte
1024 1129 1235 1214 exceptum
1252 1119 1290 1188 in

273 1235 422 1308 alveum
444 1235 654 1332 sanguim,
671 1235 819 1306 traduci
837 1250 969 1332 postea
995 1235 1035 1304 in
1062 1233 1290 1323 thoracem,

278 1354 479 1448 conjicias:
502 1377 570 1449 cur
596 1354 697 1423 enim
731 1353 770 1421 in
793 1351 894 1424 idem
920 1351 1034 1448 hujus
1057 1351 1159 1425 latus
1186 1353 1291 1450 quod

276 1469 503 1567 respondet,
517 1472 810 1568 proximumque
827 1485 882 1542 est
900 1471 1007 1564 lateri
1022 1469 1128 1566 quod
1149 1472 1192 1540 in
1202 1496 1292 1543 ven-

276 1603 335 1658 tre
346 1585 513 1676 obsidet‚
525 1588 651 1685 potius
664 1587 778 1684 quam
787 1587 825 1657 iu
839 1587 996 1659 aiterum
1007 1587 1083 1675 ,vel
1094 1589 1134 1657 in
1144 1603 1292 1659 utrum·

278 1729 375 1802 que,
406 1719 471 1776 aut
493 1705 533 1774 in
561 1704 671 1775 aliam
696 1705 868 1802 corporis
899 1703 1077 1803 partem?
1108 1707 1291 1778 Ponenda

278 1823 395 1922 igitur
411 1821 583 1919 quaedam
600 1824 771 1920 precario
798 1837 894 1894 sunt.
915 1826 961 1894 At
975 1821 1051 1893 hoc
1068 1824 1156 1920 ipso·
1168 1824 1292 1895 incer·

280 1955 377 2028 tam,
396 1955 440 2011 ut
460 1940 555 2028 dixi,
574 1965 655 2012 rem
676 1963 756 2011 esse
773 1955 885 2037 patet.
903 1939 1016 2030 Quod
1033 1963 1126 2012 vero
1147 1939 1199 2010 ad
1215 1955 1293 2012 tan-

278 2073 355 2128 tam
368 2057 501 2129 attinet
511 2057 616 2154 puris
638 2058 807 2154 copiam3
840 2071 903 2129 aut
921 2055 1009 2128 inde
1024 2060 1176 2154 repetas
1186 2057 1292 2146 lieet,

279 2174 381 2246 unde
397 2174 583 2262 Valsalva‚
616 2199 662 2244 ex
675 2175 868 2272 multaque
892 2175 1109 2246 mesenterii
1132 2176 1294 2274 pingue·

281 2292 387 2382 dine;
415 2307 480 2364 aut
508 2293 649 2390 cogites
672 2307 777 2364 tanto
803 2293 889 2390 plus
917 2293 1062 2390 purisa
1089 2318 1190 2390 pure
1210 2295 1294 2392 ipso

279 2409 383 2499 fieri,
406 2426 550 2508 quanto
572 2413 694 2482 acrius
717 2424 791 2499 est,
818 2425 860 2482 ut
887 2408 1115 2482 creberrima
1139 2412 1213 2483 ista
1235 2413 1294 2482 in-

280 2527 429 2600 dicabat
451 2529 583 2616 tussis,
605 2543 642 2600 et
667 2543 810 2626 quanto
837 2528 1001 2626 longiori
1014 2532 1209 2625 'tempore
1226 2584 1236 2617 ,
1255 2544 1295 2600 ut

280 2647 320 2716 iu
341 2646 413 2716 isto
431 2643 581 2716 videtur
604 2668 717 2732 casu,
741 2659 866 2743 partes
896 2642 1032 2734 afficit,
1055 2659 1121 2716 aut
1151 2647 1294 2732 irritat,

280 2764 381 2834 inter
400 2785 493 2860 quas
516 2764 741 2836 continetur.

334 2881 366 2952 8.
388 2883 456 2953 Vir
469 2880 624 2978 quidam
637 2881 752 2978 paulo
768 2895 853 2978 post
868 2903 1014 2952 coenam
1033 2880 1174 2954 vulnus
1196 2885 1295 2954 aeci·

282 3001 482 3099 pit,aeuto
492 3000 746 3092 instrumento
765 2999 1007 3096 epigastrium
1019 3002 1294 3097 pertendente,

283 3116 461 3189 nonnihil
477 3117 524 3187 ad
541 3117 669 3187 laevam
684 3141 703 3186 e
716 3117 871 3216 regione
883 3117 964 3212 ejus
980 3132 1106 3204 costae,
1117 3141 1205 3214 quae
1220 3134 1293 3190 ter·

282 3235 333 3306 tia
356 3249 411 3306 est
434 3233 481 3306 ab
503 3231 746 3306 inferioribus
763 3233 1012 3306 numerando.
1032 3233 1292 3325 Illico'vomit;

283 3349 348 3422 sed
373 3353 529 3423 omnino
552 3353 773 3422 incruenta:
803 3341 873 3423 nec
900 3375 1064 3449 paucum
1085 3377 1105 3422 e
1130 3353 1292 3426 vulnere

282 3470 505 3566 sanguinem
522 3469 633 3565 ejicit.
654 3473 799 3539 Horum
819 3481 1026 3567 utrumque
1039 3468 1139 3540 redit
1159 3470 1291 3544 eadem

281 3602 406 3658 nocte.
423 3589 534 3657 Mane
550 3586 687 3657 vulnus
713 3585 959 3658 vehementer
985 3585 1160 3675 dolebat3
1189 3605 1291 3659 utne

281 3705 403 3777 levem
423 3704 576 3802 quidem
596 3705 766 3801 corporis
783 3705 1064 3789 contorsionem
1082 3701 1200 3776 ferret
1212 3708 1290 3777 sine
1389 3773 1390 3784 ,

283 3823 447 3918 querela.
467 3822 651 3894 Postridie
667 3822 837 3894 diluculo
866 3825 1000 3921 surgit,
1025 3838 1082 3909 et,
1105 3823 1212 3920 quod
1234 3827 1288 3894 iu·
1389 3799 1390 3892 i

283 3962 426 4014 cassum
445 3955 554 4014 antea
572 3955 797 4031 tentaverat,
816 3941 941 4014 alvum
958 3943 1208 4016 recrementis
1231 3967 1291 4014 ex·

1389 4521 1390 4530 t

153 4583 1390 4750 ῌ
