2854 4660
310 453 382 551 396
479 481 526 526 ‚or
552 479 698 527 sumnus
724 482 766 527 rr
792 479 917 528 causis
941 480 1152 528 uomoauu

217 581 220 588 ⁴
310 593 477 690 potuisse
494 618 573 664 non
590 593 757 678 videtur,
777 609 818 666 ut
842 595 872 665 si
887 594 980 666 velis
998 617 1125 665 casum
1147 593 1258 666 hunc
1277 593 1323 665 ad

311 736 442 784 eorum
460 710 763 790 classemreferre
779 735 876 810 quos
893 711 1059 784 secundo
1073 711 1162 782 loco
1176 737 1326 782 memo·

311 830 404 916 ravi,
412 854 481 926 per
490 854 551 898 me
561 830 684 918 liceat,
693 831 898 928 praesertim
908 855 993 901 cum
1008 828 1148 901 femina
1160 854 1184 900 a
1196 830 1326 902 vulne·

312 970 352 1015 re
366 947 545 1018 exanimis
565 949 760 1018 corruerit.
778 951 1010 1018 Utramvero
1024 947 1071 1018 ad
1092 946 1254 1018 classem
1274 962 1326 1018 at-

312 1063 456 1136 tineant
468 1064 609 1151 neseio,
627 1089 724 1162 quos
732 1090 777 1138 ex
793 1065 949 1136 vulnere
962 1065 1093 1136 orbitae
1102 1081 1327 1162 peremptos

312 1182 543 1279 scripserunt
568 1181 737 1254 Bohnius
764 1181 1068 1280 (1),Ruyschius
1097 1182 1177 1277 (α),
1215 1188 1325 1254 Jaco-

311 1299 386 1370 tius
396 1299 469 1394 (3),
488 1301 566 1370 imo
581 1299 797 1373 Dodonaeus
816 1301 894 1397 (Δ),
915 1301 1022 1398 cujus
1044 1325 1212 1388 nomen,
1234 1301 1324 1371 dum

188 1515 190 1527 Ι
223 1407 227 1413 ’
312 1415 352 1483 in
371 1415 620 1512 Sepulchreto
641 1416 719 1488 haec
737 1417 948 1490 observatio
975 1416 1263 1489 describeretur
1283 1443 1326 1489 ex

311 1529 521 1602 Schenckio
540 1530 618 1628 (5),
635 1536 910 1630 praetervisum,
941 1558 1141 1632 perperam
1159 1559 1208 1604 ex
1227 1559 1324 1632 prae-

314 1647 469 1719 cedente
498 1665 697 1747 acceptum
729 1666 793 1722 est.
828 1652 963 1724 Nescio
988 1666 1135 1740 autem,
1165 1653 1258 1748 quia
1284 1677 1328 1722 ex

312 1768 527 1840 narratione
545 1768 699 1840 illorum
720 1769 960 1866 neutiquam,
975 1785 1018 1840 ut
1032 1793 1078 1840 ex
1088 1769 1192 1857 aliis,
1208 1785 1247 1840 et
1259 1794 1328 1839 no·

312 1885 483 1954 minatim
518 1885 706 1974 Valsalva,
741 1899 887 1958 constat
919 1901 1012 1982 quot
1052 1885 1132 1956 dies
1170 1887 1328 1956 sauciati

313 2001 504 2098 exegerint
530 2001 636 2072 nullo
663 2027 701 2074 se
728 2003 950 2074 ostendente
971 2017 1261 2100 'symptomate,
1287 2019 1328 2074 ut

311 2133 403 2215 puta
420 2143 578 2216 sopore,
592 2143 707 2216 quem
718 2118 933 2192 Dodonaeus
946 2134 1132 2190 memorat
1144 2119 1325 2216 quidem,

271 2281 273 2288 ·
312 2234 376 2306 sed
396 2261 474 2332 quo
492 2236 551 2308 die
570 2237 769 2334 inceperit,
789 2237 938 2309 reticet:
959 2236 1128 2308 Bohnius
1148 2237 1226 2308 hoc
1247 2253 1325 2308 tan·

312 2368 390 2424 tum
413 2351 543 2439 habet,
568 2353 677 2424 tertia
706 2353 753 2424 ab
779 2355 857 2426 ictu
887 2353 948 2425 die
982 2377 1061 2425 esse
1094 2369 1322 2424 mortuum:

211 2531 214 2538 ,
312 2471 521 2568 Ruyschius
542 2485 666 2542 autem
697 2471 794 2542 nihil
816 2470 918 2542 aliud
944 2472 1093 2559 scribit,
1117 2472 1193 2542 nisi
1221 2472 1326 2544 brevi

314 2604 399 2686 post
426 2605 621 2686 acceptum
640 2588 796 2678 vulnuS,
814 2589 919 2687 quod
940 2589 1012 2662 illis
1034 2591 1101 2686 qui
1134 2592 1325 2662 curationi

313 2721 512 2803 praeerant,
542 2706 741 2778 videbatur
769 2707 892 2804 exigui
912 2707 1127 2794 momenti,
1161 2724 1325 2779 mortem

314 2823 508 2920 ingruisse.
532 2826 625 2914 Qui,
652 2827 799 2896 tametsi
826 2825 924 2912 aliae,
949 2839 992 2896 ut
1022 2824 1239 2922 intelligere
1262 2851 1325 2924 po·

313 2941 433 3027 misti,
442 2941 517 3035 jam
527 2941 722 3015 exstabant
732 2939 1008 3037 ejusdemmodi
1021 2941 1324 3032 observationes;

313 3058 407 3129 adeo
428 3083 549 3130 raram
578 3060 801 3130 existimavit
826 3058 926 3131 hauc
947 3083 1070 3146 suam,
1095 3074 1140 3130 ut
1163 3062 1270 3132 inter
1288 3086 1325 3132 ea

313 3201 396 3274 quae
420 3176 553 3252 Bidloo
583 3200 781 3272 nunquam
796 3182 995 3254 occurrere
1015 3177 1187 3274 potuisse
1203 3178 1326 3250 crede·

313 3292 393 3380 bat,
408 3292 545 3362 vulnus
570 3294 702 3364 orbitae
719 3291 822 3362 oculi
843 3290 980 3388 letlpale
1002 3296 1242 3394 recensuerit
1261 3294 1322 3392 (6)

353 3526 399 3605 (1)
418 3531 462 3584 De
475 3533 609 3586 Renunc.
626 3532 709 3585 vuln.
728 3542 798 3587 sect.
815 3549 848 3602 a,
863 3550 890 3587 c.
904 3549 930 3587 1.

351 3627 395 3704 (a)
416 3629 489 3684 Obs.
504 3641 582 3684 anat.
600 3625 674 3686 chir.
692 3629 739 3698 54.
848 3685 852 3692 .

352 3725 394 3808 (3)
416 3725 573 3803 ‚Sepulchn
589 3730 654 3785 obs.
668 3731 717 3786 cit.
739 3750 793 3802 17,
807 3734 823 3800 ς
836 3727 865 3786 5.

351 3827 396 3904 (4)
415 3830 524 3886 Medic.
539 3831 604 3885 obs.
615 3849 641 3886 c.
656 3829 684 3886 3.

352 3926 398 4005 (5)
418 3930 491 3985 Obs.
505 3930 611 3986 medic.
629 3931 649 3984 l.
666 3947 693 3997 1,
711 3929 765 3986 ubi
779 3930 817 3988 de
829 3931 913 3987 vuln.
926 3927 1053 3994 cerebri.

349 4026 395 4105 (6)
416 4030 646 4106 Respadssidl.
660 4029 771 4091 vindic.

515 4147 525 4234 l
