2828 4652
296 439 345 537 96
468 459 513 506 nr
540 457 687 508 sumnus
713 459 755 506 er
781 457 905 507 causis
930 459 1140 510 nonnosum

299 598 381 674 quae
398 591 500 646 extra
518 575 613 644 aeris
627 587 845 646 contactum
869 590 973 663 sunt,
1002 601 1047 647 ex
1067 576 1234 652 historiis
1253 581 1308 651 in·
1327 583 1329 586 ’

279 673 442 792 ’ῐεΙΙίςεε
457 717 546 790 =quae
559 691 624 762 diu
636 707 744 762 antea
756 679 1199 790 conceptorum'foetuum
1217 702 1306 770 ossi-

297 813 380 884 cnla
393 809 562 882 referunt
578 810 655 880 sive
672 819 741 906 per
753 809 968 883 abdominis
988 811 1204 904 abscessus,
1230 818 1305 888 sive

294 955 362 1028 per
375 951 490 1000 anum
504 930 638 1023 ejecta,
659 942 778 999 matre
797 944 838 1000 ut
852 929 1060 1027 plurimum
1078 931 1188 1003 salva.
1212 937 1304 1025 Qnae

292 1037 456 1119 historiae
477 1071 522 1118 ex
539 1071 617 1142 quo
639 1069 745 1116 suam
764 1045 957 1120 Albucasis
978 1048 1032 1145 (1)
1048 1049 1228 1146 protulit,
1257 1052 1305 1123 ad

293 1191 380 1238 cunr
402 1189 605 1235 numerum
629 1163 893 1253 excreverunt,
926 1181 968 1236 ut
998 1190 1084 1237 cum
1112 1167 1195 1239 illas
1222 1193 1304 1240 non

293 1307 394 1356 unus
423 1281 637 1379 collegerit,
668 1282 861 1352 nonnullae
892 1281 1182 1372 desiderentur,
1219 1308 1303 1384 qnae
1405 1319 1406 1398 3

293 1401 381 1474 addi
406 1414 599 1499 poterant,
632 1400 759 1496 plures
786 1413 910 1470 autem
933 1398 1075 1490 desint,
1104 1427 1188 1500 quae
1211 1414 1303 1478 tunc'
1405 1427 1406 1496 3

292 1545 373 1592 non
392 1517 596 1589 exstabant.
624 1522 678 1588 Er
696 1519 770 1588 illis
789 1533 860 1606 est,
879 1533 921 1588 ut
944 1511 1097 1616 opinor,
1119 1545 1236 1617 quam
1258 1549 1303 1596 ex
1405 1551 1406 1578 1

290 1639 444 1738 propria
459 1635 723 1736 ubservatione
743 1633 871 1706 habita
889 1659 991 1707 auno
1014 1637 1104 1734 1667
1132 1639 1301 1738 vulgavit

290 1758 509 1828 Dominicus
531 1755 578 1825 de
596 1755 750 1824 Marinis
767 1752 844 1850 (a),
864 1755 971 1850 cujus
994 1753 1104 1827 foetus
1126 1759 1300 1830 cranium

289 1901 359 1976 per
373 1875 501 1945 matris
520 1871 717 1971 podicem,
744 1885 786 1943 ut
811 1871 958 1970 reliqua
977 1887 1080 1962 ossa,
1105 1871 1299 1948 excretum

287 1993 499 2066 asservabat
522 1991 732 2062 Gulielmus
755 1991 856 2061 Riva.
895 1995 949 2060 Ex
976 1989 1035 2064 his
1055 2008 1182 2064 autem
1202 2019 1299 2091 quas
1406 2039 1407 2048 κ

284 2112 467 2185 memoria
485 2124 613 2181 nostra
628 2109 686 2179 vel
706 2109 785 2180 sola
800 2108 907 2179 Italia
922 2105 1080 2199 obtulit,
1097 2126 1298 2186 suntcerte

282 2245 372 2302 nort·
395 2229 651 2328 paucissimae
675 2231 787 2315 Nam,
823 2241 863 2298 ut
887 2224 1025 2298 'foetum
1069 2243 1296 2326 praeteream

282 2373 397 2447 quem
415 2361 555 2418 erecto
577 2347 746 2418 mulieris
770 2347 988 2417 intestinua
1007 2369 1046 2417 se
1061 2361 1293 2441 extractum,

281 2467 428 2552 adme,
457 2479 499 2535 ut
526 2466 771 2563 inspicerem,
794 2465 896 2536 misit
925 2463 1126 2562 chirurgus
1159 2467 1295 2540 indus·
1407 2549 1408 2564 χ

280 2585 373 2656 trius
400 2587 571 2654 'Venetus
603 2581 780 2654 Nicolaus
810 2585 976 2673 Paterna,
1011 2605 1089 2679 quo
1118 2581 1166 2654 de
1198 2582 1294 2658 foetu
1407 2585 1408 2620 ³

172 2711 175 2720 ⁴
274 2705 359 2800 ipse
373 2701 443 2799 (3),
460 2717 497 2774 et
515 2702 735 2796 Santorinus
754 2699 807 2800 (4)
825 2700 1190 2798 scripserunt3idcm
1205 2707 1293 2800 Sans

277 2821 426 2894 torinus
450 2819 505 2918 (5)
525 2817 721 2907 feminam,
748 2822 788 2889 in
807 2819 985 2890 Patavino
1012 2841 1103 2916 agro
1131 2817 1290 2896 fortasse

276 2941 386 3012 etiam
404 2961 508 3012 nunc
521 2941 727 3024 viventem,
738 2937 1064 3022 commemoravit,
1080 2961 1161 3034 quae
1173 2936 1289 3014 foetus

275 3083 358 3131 ossa
373 3083 441 3157 per
460 3057 630 3130 eamdem
668 3055 878 3128 excluserat
902 3055 1022 3142 viam3
1048 3070 1129 3126 tum
1154 3058 1213 3128 vir
1242 3059 1286 3130 cl.

273 3180 492 3250 Franciscus
509 3181 643 3248 Seraus
663 3199 723 3245 me
749 3199 817 3272 per
838 3174 981 3246 litteras
998 3175 1156 3276 Neapoli
1182 3176 1289 3252 datas

166 3313 167 3318 ’
274 3296 343 3370 sub
376 3296 492 3369 finem
519 3295 609 3365 anni
638 3292 730 3392 ¹739
755 3295 952 3365 certiorem
979 3289 1089 3379 fecit,
1116 3293 1287 3369 indidem

343 3623 356 3702 )
376 3619 514 3698 Chirurg.
527 3623 547 3676 1.
564 3639 599 3692 a,
618 3639 642 3676 c.
658 3618 707 3691 76.

307 3723 318 3784 l
340 3724 351 3800 )
373 3723 498 3779 Dissert.
511 3721 591 3778 dere
603 3730 775 3777 monstrosa
787 3738 843 3795 per
853 3717 973 3774 urinam
985 3728 1113 3778 excreta.

307 3824 318 3900 (
340 3824 351 3900 )
373 3825 473 3880 Relaz.
486 3822 540 3878 int.
549 3823 581 3877 al
596 3821 699 3878 cadav.
710 3821 781 3878 d'uu
797 3820 874 3894 leto,
886 3829 917 3879 et
930 3829 994 3878 caet.

310 3622 323 3702 l

327 3644 339 3682 1

321 3743 337 3779 a

321 3826 338 3881 3

309 3923 339 4000 (t
373 3926 448 3979 Inst.
467 3923 538 3980 d'un
550 3924 632 3996 feto,
646 3933 676 3979 ct
688 3933 753 3982 caet·

306 4022 338 4101 (5
371 4022 499 4080 Ibida.
518 4023 566 4082 3³
