2854 4660
151 475 221 522 nna
238 473 287 526 rvi
303 473 352 519 na
365 429 716 535 noams'cmnoao,
733 461 805 518 etc·
821 471 934 520 narsr.
950 474 983 520 n.
1011 445 1081 526 3o5

81 611 164 684 qna
181 609 297 682 supra
312 583 367 680 (1)
387 584 550 654 indicata
567 597 643 669 est,
662 585 845 680 amputati
861 587 968 682 penis
988 611 1088 660 cura·

79 707 182 776 tione
206 728 296 776 usus
317 708 419 774 esset
431 702 654 772 Benivenius
667 699 834 796 singular
850 703 951 774 illius
968 729 1088 777 venas

82 847 175 920 qma
194 826 415 916 songiam
438 816 675 909 fundebant,
706 821 860 894 arterias
886 819 1087 910 videlicet,

82 936 400 1037 apprehendendo
410 991 420 1024 ,
432 933 841 1032 atqueata‘deta'gando,
856 951 898 1008 ut
911 962 1089 1036 oraprca·

83 1054 184 1128 clusa
201 1061 345 1129 coirent
352 1082 365 1140 ,-
396 1054 546 1136 mirari,
559 1055 735 1150 inquam,
757 1055 875 1146 subit,
895 1057 1089 1128 neminem

85 1189 169 1246 ante
186 1177 353 1244 Paratum
370 1171 425 1268 (a)
440 1171 602 1244 extitisse
624 1171 691 1266 qui
705 1169 753 1242 ad
768 1195 810 1242 ea
829 1173 986 1244 vulnera
1006 1199 1091 1271 quae

86 1291 129 1366 in
138 1305 299 1365 artuino·
309 1287 634 1386 amputationibus
644 1284 972 1373 fiunt,'transferri
987 1291 1093 1362 illam

88 1433 192 1504 posse
212 1409 405 1506 cogitaret.
431 1405 503 1476 Sed
521 1431 569 1476 ne
589 1402 685 1477 forte
706 1388 836 1479 credas
853 1411 1092 1498 arteriarum,

89 1551 164 1622 quae
190 1524 415 1622 in'.artubus
441 1524 638 1621 praecipuae
670 1540 776 1612 sunt,
806 1525 1095 1598 crassitudinem

88 1644 223 1718 teritos
234 1691 249 1728 ‚·
265 1667 357 1716 cum
368 1664 573 1732 :ramorum
590 1645 783 1714 tenuitate
811 1669 920 1740 quoa
931 1645 1102 1717 Galenus

91 1759 309 1836 vinciendos
330 1759 571 1857 praeceperit,
594 1761 749 1830 minime
777 1762 1094 1858 comparandam

94 1894 188 1965 certe
207 1879 432 1976 praecipuus
453 1892 613 1956 truncus
630 1879 677 1968 inl
688 1876 846 1947 brachio
862 1881 893 1950 is
908 1895 964 1952 est
981 1906 1097 1978 quem

95 1993 138 2064 ad
161 1993 282 2066 cubiti
307 1992 490 2064 flexuram
512 1993 677 2090 imperiti
703 1993 878 2066 homines
895 2019 990 2093 saepe
1008 2022 1099 2068 con-

96 2113 312 2201 vuinerant,
326 2137 415 2184 cum
434 2136 568 2184 venam
587 2113 731 2210 aperire
748 2112 929 2183 duntaxat
944 2129 1097 2210 putant;

98 2229 193 2300 unde
207 2245 358 2329 postca,
376 2231 450 2302 nisi
467 2254 602 2327 magna
623 2231 753 2326 primo
781 2246 953 2328 tempore
977 2231 1106 2304 obstet

101 2343 304 2446 diligentia,
322 2350 801 2446 aneurysmapronascitur.
815 2351 859 2418 Et
873 2373 961 2420 eum
975 2364 1102 2421 tamen

105 2467 330 2564 praecipuum
353 2481 532 2536 truncum
554 2467 595 2534 in
618 2463 830 2562 chirurgica
850 2464 963 2562 hujus
990 2479 1104 2540 aneu·
1163 2541 1167 2547 ,

104 2586 270 2677 rysmatis
296 2585 490 2656 curatione
510 2583 634 2680 ipsum
663 2605 817 2679 quoque
850 2581 923 2655 filis
946 2583 1105 2682 obligari

104 2699 249 2774 solitum
268 2724 348 2770 non
361 2699 477 2798 inodo
494 2725 539 2770 ex
562 2700 657 2770 Aetii
676 2698 749 2795 (3),
765 2699 867 2769 Pauli
883 2701 937 2795 (4)
950 2745 967 2790 ,·
991 2702 1106 2774 Albu-

105 2820 190 2890 casis
206 2817 283 2916 (ὅ),
308 2818 543 2914 aliorumque
558 2819 669 2888 etiam
688 2813 934 2905 inferiorum,
956 2835 999 2890 ut
1015 2823 1102 2891 Gui-

107 2931 208 3006 donis
237 2935 286 3007 de
326 2935 500 3007 Cauliaco
533 2934 608 3031 (6),
632 2934 791 3038 ¹scriptis
819 2959 898 3005 non
928 2951 1104 3033 poterant

108 3049 285 3146 ignorare.

153 3171 292 3242 Verum
309 3169 357 3242 ah
373 3167 651 3263 ‘aneurysmatis
667 3168 707 3238 in
730 3167 887 3241 brachio
913 3171 1035 3257 enati,
1065 3173 1105 3243 in

213 3725 331 3781 Tetrab.
348 3733 383 3792 4,
400 3743 486 3780 serm.
502 3731 533 3794 t,
552 3743 578 3780 o.
595 3730 641 3790 40.

214 3823 258 3879 De
271 3843 302 3880 re
319 3823 395 3882 med·
412 3825 432 3878 l.
449 3823 484 3891 6,
498 3841 523 3878 c.
539 3817 586 3895 37.
