2816 5282
316 435 386 511 528
478 459 525 506 nn
552 455 700 507 seorsus
725 455 770 502 nr
796 447 921 500 cnusrs
947 442 1165 494 uonaonmr
1209 437 1216 450 ·

315 572 431 646 medii
452 569 529 645 fere
554 565 691 644 steini:
721 592 815 639 num
834 588 925 635 vero
945 563 984 632 in
1002 557 1175 631 thoracis
1195 574 1325 625 cavum

316 691 552 790 perveniret,
574 711 697 784 neque
715 682 892 783 specillo,
916 703 1043 774 neque
1063 689 1145 746 arte
1165 671 1247 742 ulla
1264 668 1326 739 alia

317 807 489 906 dignosci
509 819 667 904 poterat.
692 803 836 888 Tussis,
857 813 893 870 et
919 810 1045 894 sputa,
1069 791 1262 888 sanguine
1280 787 1329 854 iu·

316 925 469 999 terdum
486 924 547 994 hic
564 922 641 994 illic
655 919 813 1004 infecta,
829 915 922 990 certi
941 912 1037 984 nihil
1057 905 1279 1007 significare
1294 906 1327 972 in

316 1043 473 1115 homine
492 1053 688 1140 poterant,
705 1038 854 1134 alongo
870 1035 948 1129 jam
968 1045 1142 1126 tempore
1156 1023 1280 1110 tussi,
1298 1035 1330 1089 et

317 1163 494 1246 cinaeis,
514 1183 557 1232 ac
573 1153 872 1254 sanguinolentis
890 1149 1027 1248 sputis,
1053 1168 1143 1216 cum
1161 1136 1331 1238 spirandi

317 1278 538 1352 difficultate
557 1276 734 1348 obnoxio.
761 1277 846 1344 Haec
864 1286 992 1342 tamen
1011 1263 1108 1336 facta
1126 1276 1213 1334 erat
1231 1278 1330 1329 nunc

308 1397 440 1470 multo
450 1396 588 1491 major,
605 1391 827 1488 febremque
838 1385 1003 1458 habebat
1012 1381 1240 1478 adjunctam
1249 1398 1330 1448 curn

317 1539 453 1613 magna
460 1513 640 1612 pulsuum
653 1507 884 1606 frequentia,
905 1501 1042 1575 duritie
1053 1500 1245 1594 ,impetu,
1257 1497 1329 1566 siue

203 1661 205 1664 ·
316 1633 394 1729 ulla
410 1645 536 1704 tamen
553 1626 850 1712 intermissione,
869 1636 934 1694 aut
958 1617 1230 1715 inaequalitate.
1253 1615 1330 1680 Pos-

309 1766 439 1830 tremo
458 1773 614 1846 quoque
638 1747 720 1817 vitae
742 1743 825 1829 die,
853 1741 919 1839 qui
935 1739 983 1811 ab
1004 1734 1150 1806 inflicto
1173 1731 1328 1804 vulnere

277 1947 280 1954 ,
316 1883 473 1968 quartus
485 1865 572 1955 fuit,
591 1863 800 1962 etsipulsus
812 1860 899 1932 facti
916 1870 1024 1928 erant
1041 1852 1220 1952 pessimi,
1236 1871 1327 1946 aeger

316 2001 444 2060 tamen
454 2001 491 2056 et
504 1985 679 2082 supinus,
696 1983 786 2056 etin
796 1993 923 2050 utrum
933 1975 1067 2046 liberet
1078 1972 1180 2043 latus
1190 1967 1326 2040 cubare

293 2083 502 2204 ‘perrexit3
527 2103 621 2199 quin
641 2102 752 2172 etiarn
779 2101 819 2170 in
838 2095 979 2170 lectulo
1007 2091 1161 2176 sedens,
1187 2089 1325 2186 episto-

316 2223 391 2294 lam
414 2222 586 2320 scripsit:
606 2242 730 2316 neque
750 2239 919 2314 unquam
941 2213 988 2286 de
1009 2210 1135 2283 cordis
1165 2231 1327 2306 angore,

317 2355 383 2412 aut
400 2339 533 2410 dolore
557 2337 637 2410 ullo
659 2349 890 2432 conquestus
914 2346 980 2405 est.
1016 2328 1161 2400 Mortui
1191 2326 1328 2397 vulnus

306 2458 508 2544 rimando,
519 2480 595 2526 una
610 2452 766 2552 quidem
777 2478 822 2525 ex
834 2453 878 2524 iis
891 2445 974 2548 quae
989 2471 1077 2520 cum
1087 2461 1221 2518 sterno
1236 2469 1329 2515 com-

315 2576 540 2663 mittuntur,
559 2589 748 2646 costarum
763 2569 940 2667 cartilago
955 2567 1074 2640 incisa
1094 2564 1143 2636 ad
1161 2590 1238 2636 suae
1256 2564 1330 2635 alti·

315 2692 458 2766 tudinis
471 2690 770 2789 usquemedium
785 2702 937 2785 reperta
956 2671 1031 2773 est,
1050 2683 1116 2755 sed
1137 2683 1329 2780 reliquum

316 2811 417 2882 ensis
436 2811 509 2880 iter
534 2811 732 2906 perspicue
755 2803 992 2904 deprehendi
1016 2827 1097 2874 non
1113 2803 1256 2898 potuit.
1277 2803 1330 2872 Sic

316 2929 418 3002 enim
435 2927 602 3001 thoracis
622 2951 711 2998 cava
727 2947 764 2996 se
784 2923 965 3016 habuere.
997 2926 1209 2993 Dexterum
1237 2919 1331 2991 nihil

315 3048 388 3120 uisi
404 3047 625 3145 pulmonem
649 3041 882 3140 continebat,
906 3041 953 3114 ad
966 3040 1138 3140 pleuram
1155 3041 1331 3136 undique

316 3190 527 3252 annexum,
548 3143 744 3236 flaccidum
756 3215 766 3249 ,
779 3161 1021 3259 subnigram,
1040 3160 1204 3258 pessime
1225 3182 1330 3230 cons·

315 3269 488 3371 titulum,
509 3283 589 3355 sine
612 3281 688 3352 ulla
712 3295 839 3352 tamen
862 3281 1020 3365 duritie,
1042 3302 1175 3349 cavum
1203 3292 1329 3350 autem

316 3404 510 3477 sinistrum
529 3399 634 3472 lluidi
661 3399 856 3496 sanguinis
885 3398 1147 3496 plenissimum
1170 3393 1265 3482 fuit,
1292 3397 1329 3466 in

316 3545 394 3621 quo
413 3520 561 3619 pulmo,
579 3518 750 3615 undique
772 3517 938 3604 solutus,
960 3529 998 3589 et
1012 3539 1141 3602 sanus,
1163 3514 1326 3586 natabat.

315 3640 439 3712 Sterni
455 3637 614 3708 interior
633 3634 745 3708 facies
760 3636 910 3706 sinistro
928 3635 968 3704 in
985 3634 1101 3705 latere
1124 3633 1327 3730 sugillatio

313 3781 404 3828 nem
430 3754 585 3852 quidem
616 3753 806 3851 aliquam,
846 3752 912 3824 sed
949 3751 1145 3824 incisionis
1177 3751 1326 3822 nullum

236 3908 239 3914 ’
306 3896 472 3974 ¹prorsus
491 3871 657 3944 habebat
679 3871 900 3968 vestigium,
922 3868 1027 3966 quod
1046 3893 1173 3966 neque
1191 3869 1273 3940 ullo
1289 3867 1325 3937 in

313 4015 417 4080 vase,
430 4015 555 4088 neque
566 3991 605 4060 in
623 3990 806 4086 pulmone
822 3986 1059 4095 deprehendi
1076 3989 1216 4086 potuit.
1235 3986 1326 4061 Peri·
