2828 4652
122 449 194 494 ma.
218 449 277 494 111.
306 449 352 496 DE
378 449 515 496 MORBIS
532 447 705 512 vaurms,
731 448 842 496 celsa.
861 451 986 498 mm.
1020 452 1085 524 107

77 589 152 632 non
179 563 410 634 retinueram
428 562 494 660 (1).
519 564 593 653 Qui
626 577 711 661 port
739 587 801 634 mc
826 567 1091 661 conspexerint

81 681 176 766 scie,
211 681 315 752 inter
337 699 437 777 quos
468 679 742 752 animadvertas
764 680 900 766 velim,
933 681 1091 754 doctum

79 821 233 894 quoque
247 797 484 871 Stehelinum
502 798 555 894 (a)
573 799 612 868 in
631 797 795 871 distento
810 813 919 870 utera
933 800 1091 888 vidisse,
1108 862 1110 870 .

70 917 227 1005 feminae
249 916 426 989 videlicet
440 913 620 1015 gravidae.
633 916 704 988 Sed
721 917 786 1014 qui
796 918 1090 990 muliebriutaro

80 1057 122 1103 ex
139 1057 256 1120 vero,
272 1057 352 1104 non
363 1059 407 1107 ex
420 1037 624 1106 bestiarum
646 1049 820 1107 anatome
832 1035 1089 1134 appinxerint,

83 1149 248 1222 necdum
264 1175 337 1249 pro
357 1165 460 1224 ceno
478 1153 574 1240 scio,
597 1167 734 1226 utnon
749 1153 884 1240 mirer,
907 1154 937 1226 si
954 1153 1091 1226 illustri
1152 1167 1160 1189 ¹

85 1268 1091 1374 viroHcistero(3)vasahaec,haec,inquam,ut'huma·

82 1409 126 1456 ao
136 1385 266 1458 adhuc
279 1403 385 1460 utero
395 1393 654 1486 appargunmr
665 1443 674 1477 ,
676 1391 779 1485 fiere
788 1413 864 1460 esre
875 1389 1089 1462 videantur.

85 1505 188 1594 Quod
198 1521 329 1578 autem
345 1505 392 1578 ad
409 1525 493 1578 ossa
512 1505 646 1578 attinet
657 1505 791 1604 pubis,
816 1522 853 1578 et
867 1506 991 1594 ilium,
1008 1531 1090 1578 nou

85 1637 168 1718 puto
185 1645 232 1695 cx
251 1621 329 1696 iilia
345 1640 382 1696 te
407 1647 508 1711 ease,
528 1623 595 1721 qui
613 1624 800 1696 rarissime
816 1625 856 1694 in
873 1638 983 1722 partu
996 1625 1091 1700 acci-

86 1737 165 1810 dere
195 1741 456 1829 contendunt,
488 1729 531 1814 a't
562 1765 696 1816 eorum
716 1741 903 1838 junctura
930 1743 980 1814 ita
1000 1742 1091 1813 laxa

88 1859 166 1930 utia
182 1859 298 1932 nobis
315 1875 524 1959 conspecte
544 1874 649 1954 sunt,
671 1859 1027 1959 deprehendantur,
1051 1875 1098 1932 ea.

89 1997 164 2046 cum
176 1977 216 2050 id
234 1977 389 2069 accidit,
405 1979 585 2051 rechitidi
597 1979 743 2078 potius,
762 1979 816 2050 lui
828 2001 1013 2068 venerea,
1025 1993 1089 2052 aut
1187 2061 1189 2066 ,

90 2093 285 2185 cachexia,
305 2111 342 2168 ct
359 2095 449 2168 huic
468 2096 687 2195 quidem'in
704 2097 839 2193 majori
859 2095 997 2194 gradu,
1015 2097 1088 2167 im·

91 2215 304 2306 putandum.
329 2213 400 2286 Sed
420 2235 609 2313 puerpera
629 2207 729 2285 certe
746 2227 896 2301 nostra,
918 2215 1090 2312 quamvis

92 2351 158 2400 non
174 2329 281 2404 bono
302 2347 399 2405 earet
412 2330 520 2404 faciei
530 2331 682 2420 colore3
699 2335 825 2430 neque
839 2330 1033 2420 cachexia,
1047 2333 1089 2404 in

92 2451 212 2543 majori
226 2443 435 2548 prasertim
455 2449 594 2548 gradu,
616 2471 741 2547 neque
761 2448 841 2521 ullo
859 2473 904 2521 cx
921 2450 1002 2522 aliis
1015 2450 1090 2524 ilia

92 2566 220 2639 morbis
246 2567 508 2641 afficiebatur:
534 2587 606 2640 nee
638 2565 732 2638 mihi
765 2565 888 2640 affinis
915 2583 1088 2640 matrona

93 2681 160 2754 ullo
173 2689 331 2758 omnino
347 2711 392 2759 cx
405 2688 449 2758 iis
463 2686 715 2775 laboraverat,
727 2708 812 2784 quae
827 2709 914 2756 cum
925 2687 964 2756 in
982 2709 1090 2788 paca
1133 2736 1139 2748 ,

95 2801 181 2892 peris
205 2803 251 2876 de
270 2803 468 2876 doloread
484 2804 700 2900 juncturam
723 2805 841 2901 ipsam
864 2805 1004 2875 ossium
1018 2829 1088 2903 pu,

94 2913 143 2988 bis
166 2937 406 3017 quereretur,
430 2935 467 2992 aa
489 2942 575 2992 eam
603 2935 843 3021 proptercaa
874 2945 933 2992 mc
960 2922 1089 2994 locum

96 3039 185 3132 angi
207 3042 364 3114 maritus
390 3041 585 3129 voluiasat;
608 3039 749 3112 distans
771 3037 970 3112 manifesto
994 3041 1089 3112 alte·¹

98 3157 237 3227 rumab
263 3155 382 3231 altera
403 3174 495 3231 tunc
527 3158 692 3230 habebat
716 3185 726 3246 3
757 3173 859 3229 extra
886 3158 1088 3256 puerperia

100 3285 167 3341 non
183 3265 355 3349 habebat.
374 3283 420 3348 Ec
431 3293 517 3348 aum
537 3294 657 3375 prope
674 3277 881 3348 innumera
898 3273 1011 3370 hujus
1030 3299 1087 3374 ge·

100 3389 189 3460 neria
205 3409 349 3466 exstent
361 3389 660 3480 ohservationes,
671 3413 765 3489 quas
779 3392 847 3463 etsi
859 3391 969 3462 multi
978 3391 1088 3462 colle-

103 3523 241 3598 gerunt,
270 3511 476 3608 quaedam,
495 3513 525 3583 si
548 3525 648 3582 recte
666 3511 839 3599 memini,
878 3512 1087 3584 emiserunt

137 3795 174 3878 (1)
193 3807 612 3884 Advers.anat.1V,animad.
630 3809 666 3880 43
680 3811 712 3869 in
729 3805 798 3872 fine.

136 3898 175 3976 (a)
193 3907 320 3967 Teutam.
334 3914 412 3970 med.
423 3933 455 3990 p.
472 3932 498 3984 1,
510 3913 585 3970 thes.
599 3912 627 3969 6.

101 4073 103 4080 ,
139 3997 178 4078 (3)
195 4007 294 4086 Comp.
310 4019 390 4071 «anan.¹
402 4032 432 4069 n.
451 4011 519 4070 236.
