2816 5282
1080 313 1089 352 C

191 398 257 442 cns.
271 395 319 444 iv.
336 391 742 458 cuncupiscentiis„
762 386 831 444 etc.
847 397 959 446 nrrsr.
974 398 1046 446 mv.
1075 375 1146 453 563

139 509 400 608 explicationis
417 511 522 580 Litrii
540 506 695 582 fortasse
706 508 886 598 oblitum,
904 535 1020 608 quern
1041 510 1149 586 effec-

139 643 219 700 tum
239 629 376 726 partim
398 628 443 697 iis
463 626 664 714 musculis,
689 627 823 724 partim
843 629 879 698 ei
893 645 1000 728 septo
1015 655 1151 729 magns

137 747 176 815 vi
204 745 385 816 deorsum
412 759 631 828 contracto,
655 745 865 842 praesertim¹
879 745 971 816 dum
995 750 1151 820 convul-

139 866 263 950 sione,
282 878 347 935 aut
370 878 526 950 conatu,
546 861 672 959 aliquo
691 863 729 934 in
748 861 963 936 cohibenda
989 869 1152 964 respira*

138 982 339 1054 tionecum
358 981 431 1052 iliis
453 981 564 1052 simui
583 981 809 1066 connititur,
827 981 1013 1071 tribuere,
1032 987 1073 1054 ni
1086 981 1150 1062 fai·

138 1100 218 1188 ior,
247 1099 423 1189 decebat,
450 1099 557 1172 ilium
593 1118 746 1169 omnem
768 1099 815 1170 iis
848 1098 936 1172 solis
972 1101 1151 1174 musculis

136 1215 326 1290 tribuisse.
357 1222 542 1289 Ceterum
562 1217 593 1286 si
619 1215 759 1288 vulnus
785 1238 831 1287 co
859 1212 956 1290 forte
986 1218 1148 1308 ineidat,

137 1351 181 1406 ut
206 1329 376 1405 foramen
395 1331 603 1433 ampiificet
621 1353 690 1431 per
709 1333 815 1430 quod
836 1334 1063 1434 oesophagus
1081 1351 1151 1410 tre

140 1453 286 1549 jicitur‚
300 1451 456 1524 evidens
473 1467 548 1540 est,
575 1449 622 1522 ad
633 1450 810 1524 eumdem
828 1449 1007 1534 ‚effectum
1035 1451 1151 1524 indu*

137 1569 302 1642 cendum
325 1572 412 1642 satis
429 1590 511 1656 esse
530 1571 697 1641 minores
717 1571 824 1642 vires.
847 1575 903 1642 iio
919 1587 1044 1644 antem
1065 1571 1150 1645 vul-

137 1709 211 1760 nus
236 1690 275 1757 in
304 1688 423 1758 milite
446 1686 632 1758 inciderat
650 1688 691 1756 in
712 1708 791 1783 quo
818 1687 1149 1787 Glandorpius(1)

138 1827 208 1904 per
220 1801 600 1901 ,eamdemoesophagi
613 1805 709 1890 viam
725 1803 937 1876 ascendisse
951 1807 1097 1878 invenit
1105 1807 1150 1878 si·

138 1924 295 1994 nistram
312 1919 512 1992 ventriculi
535 1935 680 2019 partem
702 1923 985 2018 cumportione
1004 1921 1150 2002 duodo«-

138 2042 232 2112 niet
251 2041 325 2111 coli
341 2039 532 2112 intestinis
551 2041 686 2112 issem
706 2063 751 2110 ex
770 2039 918 2125 dolore,
934 2039 1147 2112 stireman»

138 2158 282 2258 magia,
305 2136 478 2256 'syncope
506 2159 667 2228 maxima
691 2177 777 2227 cum
799 2157 1058 2254 respirationis
1088 2159 1147 2230 ius

137 2279 391 2375 terceptinne‚
422 2289 459 2347 et
494 2275 662 2373 singultu
684 2273 906 2370 absumptus
927 2271 1149 2347 sustracto

138 2395 263 2468 cidere
284 2397 395 2465 etiam
413 2407 558 2492 potest,
578 2408 622 2464 ut
649 2392 789 2462 minori
807 2399 844 2462 vi
866 2415 962 2489 opus
984 2394 1031 2466 sit
1052 2415 1149 2466 nont·

137 2531 355 2610 nunquam,
375 2533 513 2609 nempe
530 2511 570 2580 in
599 2511 756 2584 homine
775 2510 834 2580 eui
855 2533 925 2607 per
944 2533 982 2582 se
1003 2513 1062 2582 via
1085 2498 1149 2584 illi

137 2631 333 2730 oesophagi
347 2629 458 2700 latior
478 2631 544 2718 sit,
565 2626 887 2726 quemadmodum
911 2618 1024 2702 fuisse
1048 2647 1148 2704 amr

136 2753 252 2822 visam
277 2750 316 2818 in
346 2755 472 2820 sutore
501 2747 687 2846 quodam,
716 2745 764 2816 ad
786 2761 822 2818 te
841 2748 974 2844 scripsi
989 2745 1064 2844 ·.(n)
1085 2752 1148 2822 Est

138 2881 289 2949 contra,
311 2884 398 2940 cum
413 2865 470 2934 vis
493 2866 703 2960 requiritur
721 2877 786 2933 aut
807 2861 948 2935 diutius
969 2865 1146 2962 repetita,

137 2997 202 3054 aut
216 2981 460 3064 validissima,
482 2981 557 3077 sive
574 2978 638 3048 illa
652 2978 783 3049 eadem
800 2980 859 3048 via
871 2982 891 3066 ‚J
908 2981 984 3056 sive
998 2978 1068 3050 alia
1086 3004 1147 3052 su·

137 3099 305 3200 peranda
320 3101 367 3171 sit
383 3115 463 3168 noti
484 3096 570 3168 sutis
584 3095 804 3196 petruinus
820 3111 958 3193 aperta.
977 3099 1149 3196 Repetih

139 3231 194 3290 est
211 3216 291 3288 dies
305 3229 393 3288 outo
406 3217 444 3286 in
463 3237 509 3288 eo
532 3215 593 3301 cui,
612 3213 797 3284 iieuricus
821 3213 868 3283 ab
886 3217 985 3284 lieer
1006 3213 1061 3308 (3)
1079 3233 1148 3312 pst

137 3339 403 3408 strictissimum
421 3330 713 3430 diaphragmatis
735 3330 874 3402 vuinus
894 3329 1090 3428 irrepsisse
1106 3332 1149 3408 in

138 3455 333 3528 thoracem
352 3453 446 3524 vidit
460 3453 588 3523 tenuia
608 3450 799 3535 intestina,
819 3449 947 3546 utqui
972 3472 1049 3521 nou
1072 3450 1146 3526 uisi

179 3755 224 3826 (ri,
245 3755 400 3830 Sepulchr.
415 3773 437 3810 s.
452 3755 508 3809 hac
521 3753 553 3824 3,
566 3753 630 3808 obs.
645 3769 698 3823 αι,
716 3755 780 3828 59„

180 3854 224 3931 (s)
243 3857 337 3930 Epist.
353 3854 411 3926 37,
429 3872 460 3908 n.
477 3853 524 3909 30.

180 3953 224 4030 (3)
245 3951 400 4030 Sepulchr.
415 3953 480 4010 obs.
497 3953 546 4008 eit.
563 3955 579 4021 ς
598 3950 624 4007 3.
