2812 4656
315 432 386 503 272
481 429 528 476 nn
555 426 701 476 seorsus
726 427 770 474 nr
795 426 920 486 musis
947 400 1155 476 uonaonuu
1259 389 1263 396 ¹

313 545 465 614 traxisse
478 542 696 640 quempiam
711 541 827 612 alium
846 543 912 639 qui
926 529 969 612 in'
983 541 1217 640 problemate
1234 567 1310 642 quo

313 660 399 732 dam
425 659 639 732 anatomico
670 683 750 730 non
784 659 985 734 advertens
1016 657 1193 749 fortasse,
1228 687 1310 760 quo·

312 777 429 850 modo
446 779 485 848 in
509 775 827 874 disputationibus
854 777 1118 875 accipiendum
1145 781 1193 850 sit
1220 781 1311 876 quod

307 894 553 992 gratificandi
571 919 682 966 causa
709 895 816 992 quasi
842 917 911 992 per
934 893 1179 993 hypothesim
1214 921 1311 995 sepo·

311 1017 434 1100 nitur,
456 1016 677 1111 intereaque
693 1027 874 1110 tanquam
894 1011 1053 1084 dubium
1070 1014 1310 1112 relinquitur,

311 1147 349 1204 et
370 1156 430 1202 me
451 1147 583 1202 contra
602 1133 828 1235 Comperum
849 1153 895 1202 eo
913 1131 1000 1202 loco
1019 1155 1209 1230 pugnasse
1230 1135 1310 1205 exis·

252 1260 255 1264 '
282 1233 285 1242 ’
308 1251 467 1336 timaus,
486 1273 564 1344 quo
582 1253 809 1346 Cowperum
826 1249 923 1320 tueri
944 1250 1070 1347 ipsum
1094 1249 1311 1348 pergebam,

313 1391 399 1438 cum
427 1391 508 1437 non
536 1364 652 1438 modo
682 1365 862 1439 adversus
895 1390 956 1438 me
989 1364 1219 1457 defendere,
1257 1368 1309 1440 sed

312 1472 532 1558 exsultantis
547 1483 700 1554 victoris
720 1483 838 1556 instar
852 1483 929 1556 haec
948 1483 1134 1582 subjicere
1151 1511 1234 1557 non
1254 1487 1311 1558 du-

311 1601 463 1674 bitavit:
484 1600 587 1672 dicat
602 1625 702 1672 nunc
719 1605 971 1700 Morgagnus,
993 1625 1172 1698 quaenam
1191 1620 1230 1675 et
1243 1619 1308 1676 eat

311 1723 401 1810 Quae
429 1717 649 1804 cumverba
678 1719 820 1790 amicus
847 1717 1002 1816 quidam
1028 1719 1171 1818 legeret
1202 1747 1308 1794 meus:

98 1819 108 1830 ⁸
211 1909 216 1920 ,
254 1898 276 1916 ,,
311 1838 420 1938 quid,
439 1838 587 1936 inquit,
606 1840 837 1935 Morgagnus
860 1837 975 1944 dicat,
999 1835 1073 1909 nisi
1099 1839 1207 1935 quod
1233 1839 1308 1910 olim

311 1956 499 2029 dicentem
517 1954 643 2027 audivi
652 2003 663 2042 ,
683 1979 771 2026 eum
789 1954 907 2052 aliqui
917 1955 1073 2052 juvenes
1088 1957 1158 2052 qui
1173 1957 1214 2026 iu
1232 1955 1309 2028 doe·

311 2090 437 2146 torum
454 2074 621 2144 virorum
640 2072 748 2144 libris
766 2097 931 2170 persaepe
958 2074 1203 2163 invenerant,
1223 2079 1308 2145 Mor·

310 2217 474 2292 gagnum
501 2207 621 2264 certas
652 2190 833 2288 quasdam
860 2215 920 2264 res
947 2190 1207 2268 observavisse
1230 2205 1309 2291 post

309 2311 605 2409 Berengarium,¹
632 2309 896 2407 Falloppium,
925 2311 1145 2399 Arantium,
1183 2312 1306 2382 aliosve

310 2429 542 2500 anatomicos
566 2429 765 2500 nescirent·
779 2441 926 2514 autem,
952 2426 1023 2498 hos
1051 2452 1072 2498 a
1108 2431 1306 2526 Morgagno

311 2549 394 2644 ipso
420 2549 459 2616 in
489 2545 562 2618 illis
594 2544 922 2618 observationibus
952 2547 1177 2618 nominatim
1206 2547 1306 2618 fuisse

308 2663 512 2751 indicatos,
528 2678 571 2734 ut
595 2661 777 2736 fateretur
798 2687 867 2762 per
894 2688 991 2762 quos
1018 2663 1255 2760 profecisset,
1278 2677 1307 2734 et

185 2816 189 2824 ’
248 2835 255 2840 -
303 2781 404 2880 vquid
433 2796 557 2852 tamen
584 2780 803 2870 addidisset,
827 2781 1070 2870 ostenderet,
1096 2803 1183 2854 cum
1208 2783 1306 2880 igitur

232 2944 238 2965 l
308 2899 363 2970 illi
380 2900 537 2995 juvenes
552 2900 802 2988 mirarentur,
824 2897 962 2998 fugisse
985 2901 1066 2995 ejus
1082 2901 1234 2988 oculos,
1253 2912 1308 2970 aut

308 3019 531 3090 memoriam
553 3032 609 3090 tot
639 3015 879 3090 laudatorum
912 3031 1111 3090 auctorum
1137 3019 1306 3107 locos3at

307 3159 375 3208 vos
388 3121 505 3208 nolite
520 3135 701 3234 amplius,
718 3135 858 3233 inquit,
875 3159 1120 3234 praepropere·
1130 3136 1302 3232 judicare.

308 3255 382 3328 Sed
400 3254 446 3326 de
459 3279 519 3325 me
540 3253 625 3352 plus
646 3255 752 3342 satis;
772 3254 819 3325 de
834 3253 1191 3360 thyroidaeaeautem
1213 3254 1304 3353 glan·

242 3385 243 3388 ’
306 3372 402 3444 dulae
419 3370 633 3442 tumoribus
651 3371 757 3459 satiS,
779 3372 809 3468 si
824 3370 918 3442 illud
937 3370 1138 3459 addidere,
1162 3375 1228 3469 qni
1251 3395 1304 3440 vo·

307 3490 359 3560 cis
371 3488 460 3559 inde
476 3476 722 3560 mutationem
744 3487 994 3575 adnotarunt,
1010 3488 1255 3586 multiplicem
1271 3484 1302 3555 id

305 3603 517 3704 explicandi
527 3605 711 3678 rationem
732 3629 811 3679 esse
825 3604 1044 3692 habituros,
1059 3605 1135 3678 sive
1156 3605 1206 3677 ob
1228 3627 1302 3704 pro·

306 3723 496 3812 bibitum,
515 3737 579 3794 aut
594 3737 779 3795 mutatum
794 3723 834 3792 in
849 3723 1042 3822 laryngem
1064 3723 1236 3794 humoris
1253 3723 1301 3790 in-

306 3842 449 3946 fluxum
465 3897 473 3926 ,
490 3843 565 3914 sive
580 3840 629 3912 oh
643 3841 851 3912 adsitorum
864 3839 1029 3939 laryngis
1051 3843 1300 3914 musculorum

304 3961 603 4047 distractionem,
614 3961 912 4058 pressionemve,
930 3961 1005 4032 sive
1021 3958 1071 4032 ob
1092 3961 1299 4057 impositum
