2812 4656
136 419 220 468 mn.
244 419 292 466 iv.
313 420 360 466 nr
378 415 514 464 nonms
531 400 729 488 cainone„
745 407 815 464 etc.
833 419 944 467 rarsr.
957 415 989 466 ι’.
1019 393 1089 474 285

54 535 196 622 batur,
214 546 404 602 naturam
417 535 644 602 corrosivam
664 529 853 601 induebat.
868 531 941 603 Sed
957 549 998 604 ut
1010 535 1090 632 ple·

51 649 207 750 rasqne
228 674 359 722 earum
380 649 507 718 minus
524 671 632 720 sanas
651 645 765 734 fuisse
787 647 914 737 video;
933 650 985 720 sic
1004 653 1090 722 nul·

51 770 129 842 lius
144 769 238 842 scio
252 769 319 865 qui
336 762 422 837 finis
439 763 573 851 fuerit,
589 781 729 836 etnum
745 789 936 854 mammae,
955 768 994 836 in
1013 772 1090 865 pri·

54 889 156 975 mis,
190 887 227 958 si
248 899 313 956 aut
331 885 388 954 lac
404 907 482 954 non
508 880 700 970 efflueret,
719 897 783 954 aut
808 881 913 980 quod
927 885 1092 960 restabat

54 1002 285 1076 illiusmodi
305 1001 477 1074 humoris
496 1026 575 1072 non
594 1001 885 1102 exprimeretur,
899 1001 1006 1082 nullo
1020 999 1090 1074 do-

56 1121 144 1194 lore
158 1137 237 1212 ,et
257 1119 364 1190 nullo
384 1118 550 1217 denique
578 1119 749 1216 malignae
774 1134 916 1191 naturae
938 1134 1089 1194 tumore

58 1254 260 1338 correptae
280 1237 365 1310 sint.
387 1240 449 1308 Me
462 1237 539 1332 jam
553 1237 731 1334 intelligis
746 1235 793 1308 de
812 1261 950 1310 cancro
964 1236 1090 1335 loqui,

59 1371 222 1429 tumore
259 1357 328 1452 qui
355 1379 450 1452 saepe
475 1353 585 1442 ade0,
607 1354 647 1424 in
679 1355 851 1426 mammis
882 1356 1089 1452 praesertim

60 1471 267 1564 nascitur,
296 1471 507 1570 eodemque
538 1487 615 1543 tam
644 1469 847 1546 manifestae
878 1473 1088 1571 pravitatis,

60 1617 180 1690 quam
196 1587 369 1662 difficilis
383 1589 589 1662 curationis
607 1615 614 1658 :
638 1604 680 1660 ut
692 1590 782 1662 scite
800 1595 819 1661 J
823 1615 966 1662 oannes
981 1595 1083 1691 Bapt.

63 1711 268 1782 Cortesius
295 1706 350 1806 (1)
382 1731 470 1779 cum
491 1706 690 1780 ostendere
717 1707 849 1798 vellet,
876 1730 953 1778 non
980 1715 1089 1808 sequi

61 1850 231 1926 semper,
261 1822 369 1922 qood
394 1824 549 1894 morbus
571 1829 758 1920 cognitur,
787 1821 887 1896 illico
916 1841 1084 1915 curetur,
1179 1901 1182 1918 .

62 1942 179 2040 idque
189 1947 396 2042 prcecipzre
414 1946 561 2013 ratione
581 1939 826 2038 malignitatis
837 1967 916 2014 soce
927 1936 1085 2028 {canori

63 2061 310 2158 potissimum
333 2058 506 2156 exemplo
533 2081 622 2129 usus
645 2058 710 2146 sit,
738 2062 817 2156 qui,
840 2063 1009 2155 quamvis
1029 2061 1085 2144 xob

63 2180 241 2276 omnibus
256 2190 523 2274 cognoscatur,
542 2174 783 2246 nihilominus
810 2199 900 2245 raro
917 2191 1081 2247 carator.

65 2273 109 2366 Et
127 2319 221 2368 sane
249 2295 315 2366 vix
329 2317 610 2390 nonnunquam
636 2291 772 2364 accidit
797 2307 839 2363 ut
866 2289 953 2364 felix
974 2291 1107 2364 nudi-1

66 2437 137 2510 que
157 2439 204 2486 ea
214 2413 371 2486 ¹curatio
399 2412 455 2482 sit.
477 2415 644 2508 Persaepe
664 2425 790 2482 autem
814 2434 857 2482 ea
880 2425 1083 2483 consecuta

67 2553 144 2602 esse
162 2529 354 2619 vidimus,
373 2553 455 2626 quae
469 2527 597 2600 Celsus
617 2526 672 2626 (a)
686 2525 873 2624 praedixit,
902 2543 945 2599 ut
967 2528 1043 2600 sive
1060 2553 1082 2599 a

69 2645 257 2746 chirurgis
285 2646 346 2738 vel
379 2645 614 2744 peritissimis
645 2646 808 2732 excism,
832 2661 925 2743 'post
956 2643 1082 2718 indoc-

69 2778 143 2836 tom
155 2761 368 2838 cicatricem
382 2777 507 2834 tamen
532 2767 722 2850 reverterit
743 2763 783 2834 in
803 2761 996 2852 eumdem,
1017 2779 1082 2842 aut

70 2882 182 2954 alium
197 2886 240 2954 in
259 2883 410 2975 locum,
430 2895 467 2952 ec
490 2905 643 2952 causam
664 2885 794 2950 mortis
808 2880 1080 2970 attoler·it‚sive

72 3022 156 3070 cum
180 3001 245 3074 alii
270 2999 427 3100 quidam
459 3003 518 3070 osi
539 3012 663 3070 essent
687 2995 966 3086 medicamentis
986 2997 1082 3068 ado-

70 3119 251 3204 rentibus,
272 3117 502 3216 miseriasque
521 3114 680 3194 feminas
695 3113 1078 3204 diu-excruciassent,

73 3249 134 3305 ant
151 3237 342 3334 pejorem,
373 3250 438 3308 aut
459 3249 559 3306 certe
589 3257 668 3304 non
698 3232 898 3338 meliorem
915 3230 1081 3330 denique

73 3348 259 3426 habuerit
272 3355 423 3428 exitum.
443 3354 537 3454 Fuit}
550 3353 651 3424 enim
669 3348 772 3460 apud
797 3374 868 3421 nos
898 3375 1078 3448 quoque,

74 3467 291 3568 priusquam
329 3471 511 3542 volumen
555 3467 925 3541 Commentariorum
962 3469 1080 3542 exiret

74 3581 190 3683 Regiae
213 3589 462 3659 scientiarum
480 3587 687 3660 Academiae
713 3585 1079 3682 Parisiensis,1quod

113 3864 155 3946 (1)
175 3873 301 3933 Miscell.
315 3875 423 3934 medic.
436 3873 532 3950 Epist.
547 3873 577 3931 6.
660 3885 663 3890 ’

116 3965 157 4046 (²)
176 3973 338 4034 Demedic.
351 3971 418 4048 125,
431 3993 457 4032 c.
469 3973 518 4032 28.
575 4027 579 4038 ,
