2828 4652
119 508 190 560 tm.
213 510 270 558 m.
297 507 344 558 or
370 506 506 558 moeurs
524 503 696 576 vrurms,
722 507 831 561 trrsr.
854 507 981 563 xtvm.
1015 490 1081 584 145

75 640 283 724 conspecta
295 637 382 696 sunt
394 647 504 711 sana
520 645 593 695 msr
582 623 711 721 quod
726 645 812 713 ¹eor,
833 643 870 698 et
889 644 975 724 quae
987 640 1087 704 circa

74 743 176 814 illud
192 756 301 826 sunt,
315 765 402 813 vasa
410 755 516 812 erant
529 742 711 837 sanguine
722 744 860 814 mirum
875 746 913 814 in
925 730 1085 818 modum

72 859 252 931 distenta.
275 861 463 931 Vasorum
486 857 758 928 umbilicalium
789 885 871 956 quae
903 867 1056 960 partes
1047 885 1088 934 tn

71 991 210 1049 ventre
225 989 313 1047 sunt
330 990 367 1046 et
382 970 539 1046 tubulus
554 976 757 1047 arteriosus
767 977 946 1073 patebant
958 1005 967 1068 3
981 983 1086 1053 ovalo

73 1109 206 1166 autem
223 1091 394 1165 foramen
414 1117 494 1164 non
511 1091 663 1190 patebat
680 1093 800 1164 solum
812 1121 962 1186 ,verum
977 1101 1089 1170 etiam

72 1237 156 1286 sua.
171 1209 316 1282 vulvula
342 1229 499 1311 prorsus
526 1209 692 1296 carebat,
712 1226 760 1284 ut
770 1210 904 1307 hujus,
928 1231 1088 1310 quanta

73 1349 263 1427 cumque,
287 1342 330 1400 ut
355 1327 538 1417 diximuS,
569 1327 762 1426 diligentia
786 1339 989 1426 quaereres,
1016 1353 1088 1405 nec

72 1448 196 1534 ruia,
199 1446 482 1544 necvestigium
499 1460 727 1540 occurreret
1018 1457 1021 1468 ‘
1065 1455 1082 1468 ’

123 1565 186 1638 63.
205 1563 317 1655 Quod
345 1585 431 1634 cum
461 1577 596 1670 praeter
624 1577 796 1634 naturam
824 1568 983 1637 omnino
1003 1577 1089 1642 esse

72 1685 215 1756 Planco
233 1681 529 1778 rescripsissem,
547 1679 681 1752 facile
673 1707 713 1750 m
731 1707 812 1754 eam
831 1685 934 1755 venit
947 1685 1089 1783 cogita

76 1803 225 1874 tionem
246 1823 328 1897 quae
347 1797 460 1895 paulo
483 1813 570 1870 ante
592 1797 702 1871 dicta
709 1815 773 1872 est.
802 1805 847 1872 Et
874 1825 965 1874 sane
979 1799 1090 1876 iu‘t'e'i-

77 1919 186 2018 figis,
206 1915 274 1988 ubi
298 1937 454 2014 prorsus
473 1914 569 1986 desit
585 1915 624 1986 id
648 1917 750 2012 quod
769 1917 921 2015 sanguis
934 1929 964 1988 'a
982 1923 1092 1992 sinis-

78 2038 147 2108 tris
167 2049 299 2133 urgeat
311 2032 428 2121 ,etad
439 2031 611 2104 foramen
625 2035 731 2106 ovale
748 2037 864 2132 magis
880 2039 1088 2134 magisque,

78 2155 110 2226 si
132 2178 214 2224 non
235 2149 510 2238 claudendum,
545 2165 582 2222 at
602 2151 732 2231 saltem
759 2177 805 2223 ex
835 2167 940 2250 parte
969 2153 1092 2250 aliqua

80 2269 336 2370 operiendum
351 2268 537 2366 impellat,
557 2267 819 2365 perturbatum
836 2271 880 2338 iri
898 2271 1091 2367 i'n'orga‘no

79 2390 444 2489 praecipuoicertum
468 2385 663 2482 illumqui
690 2389 897 2482 requiritur
918 2388 957 2456 in
975 2402 1093 2486 respi-

78 2507 275 2592 rantibus,
312 2505 503 2602 sanguinis
530 2519 705 2574 motum:
739 2529 821 2601 quae
853 2505 1089 2601 perturbatio

81 2626 155 2698 nisi
173 2623 439 2710 imminuatur,
455 2621 520 2692 sed
537 2645 660 2718 usque
669 2637 705 2692 et
720 2645 842 2718 usque
856 2622 986 2693 eadem
1013 2643 1091 2722 per·

80 2740 472 2841 stet,motusdemum
488 2737 634 2829 cordis,
654 2755 690 2812 et
703 2742 894 2838 sanguinis
913 2740 1091 2814 sufflami-

84 2873 453 2934 neturnecesseest.

132 2977 350 3066 omittes,
369 2992 434 3068 ut
444 2975 694 3074 amplissima,
725 2975 934 3074 eademque
960 2985 1095 3076 prop'ess

82 3095 452 3172 modum'inteutata
469 3109 594 3192 pateat
616 3089 675 3164 vi'a
695 3093 743 3164 ad
765 3118 896 3166 reeens
917 3105 1095 3166 natorum

83 3217 418 3308 morbos,:atteuta
434 3211 525 3283 dum
545 3213 678 3282 vivunt
686 3199 951 3284 'observ'auohe
962 3267 971 3299 ,
984 3239 1097 3284 accu-

85 3349 167 3406 rata
202 3347 328 3404 autem
361 3345 635 3428 postmortem
664 3328 889 3402 dissectione
918 3333 1097 3428 pervesti-

86 3451 234 3552 gandos
249 3503 259 3538 ,
275 3449 355 3520 uisi
369 3447 570 3547 pareutum
584 3449 713 3545 inepta
739 3447 900 3520 charitas
919 3429 1095 3521 obstaret.

89 3571 166 3661 Qui
188 3583 318 3664 tamen
341 3565 546 3664 aliquando
564 3589 660 3636 cum
674 3563 953 3638 infantes-suos
984 3568 1099 3638 alium

90 3685 310 3785 posta‘lium
334 3683 579 3756 ad'eumdem
600 3682 759 3754 modum
787 3685 982 3771 amittunt,
1018 3701 1100 3755 tum

30 3783 32 3794 ’
91 3803 279 3901 denique,
303 3803 334 3874 'si
353 3799 450 3874 forte
470 3801 681 3893 irasciturus
704 3823 850 3874 servare
878 3787 1042 3899 possint,
1061 3800 1101 3871 id

93 3919 252 3996 medicis
263 3915 552 3994 ,ultro'offorunt
570 3917 676 4016 quod
695 3901 1102 4016 aliosnegasseutrve*

939 4061 982 4107 ιο
