2872 4660
296 481 338 528 ια
404 495 407 505 ·
459 473 506 522 ur
532 471 677 522 sumnus
701 473 745 521 nr
771 471 894 524 ciuus
919 456 1125 522 nonnosum

292 593 470 666 nonnihil
487 596 527 665 in
546 593 701 690 longum
720 615 758 662 se
781 589 1043 678 extendentes,
1066 589 1209 687 magni,
1236 589 1296 662 ni·

295 713 499 811 gricantes,
514 727 551 784 et
571 713 751 808 sanguine
770 707 886 782 ferme
904 707 1022 780 fluido
1039 706 1208 796 distenti,
1226 731 1296 806 per

295 831 548 902 secundarum
568 829 847 905 membraneum
865 826 1082 926 faciemque
1097 826 1299 926 placentie,

296 945 359 1017 hic
380 973 510 1019 revera
532 971 601 1045 pro
622 947 803 1045 parvitate
824 943 935 1019 foetus
955 945 1210 1044 amplissime,
1235 944 1296 1016 su·

294 1062 455 1153 beraut,
485 1064 835 1163 transpiciebantur.
874 1069 1055 1136 Caeterum
1088 1063 1156 1134 etsi
1185 1058 1298 1136 foetus'

298 1182 565 1278 corpusculum
601 1207 725 1279 neque
766 1196 845 1253 erat
875 1173 1041 1254 exterius
1073 1178 1298 1267 flaccidum,

299 1323 426 1397 neque
468 1301 615 1398 rugosis
650 1300 918 1398 integumentis
945 1313 1142 1397 opertum,
1172 1319 1299 1393 neque

300 1439 346 1486 ex
367 1417 473 1514 ipso,
494 1432 558 1488 aut
583 1442 628 1488 ex
651 1417 826 1490 secundis
844 1414 1053 1514 quidquam
1071 1414 1192 1513 gravis
1207 1411 1300 1484 odo·

298 1533 351 1604 ris
378 1528 537 1630 u‘squam
571 1535 713 1622 extitit3
745 1559 823 1606 non
860 1532 1029 1605 dubitavi
1057 1547 1182 1604 tamen
1208 1529 1301 1628 quin

299 1650 439 1724 diutius
459 1653 499 1722 in
519 1652 672 1724 occluso
693 1668 817 1740 utero,
837 1665 904 1723 aut
917 1665 1106 1739 mortuus,
1121 1662 1185 1722 aut
1198 1661 1301 1722 certe

299 1763 592 1856 infirmissimus,
616 1783 653 1842 et
675 1785 827 1856 mortuo
849 1767 978 1842 similis
991 1766 1182 1863 jacuisset,
1196 1765 1302 1836 ante-

299 1909 412 1982 quam
424 1901 812 1984 prorsusmoreretur.

348 2004 382 2076 6.
412 2007 647 2102 Repentinus
676 2004 786 2076 multi
814 2002 1005 2101 sanguinis
1030 1998 1152 2072 fluxu's
1172 2024 1302 2072 exsan-

299 2147 429 2219 guem,
441 2137 483 2194 ut
498 2148 543 2195 ex
555 2121 778 2217 dissectione
793 2121 986 2221 apparuit,
1000 2115 1130 2190 foetum
1146 2119 1302 2216 ejusque

298 2237 508 2312 funiculum
520 2241 752 2330 reddiderat,
762 2257 799 2315 et
812 2239 916 2312 hunc
929 2252 1106 2337 praeterea
1120 2234 1214 2308 adeo
1225 2261 1304 2334 gra-

298 2357 419 2428 cilem.
445 2363 489 2428 In
515 2383 560 2428 eo
583 2375 706 2432 autem
726 2357 830 2457 quod
854 2355 965 2428 soetus
987 2379 1065 2428 esse
1085 2353 1304 2426 crederetur

298 2474 444 2564 nullus,
466 2476 701 2548 excusandus
721 2500 828 2548 error
850 2473 1085 2545 medicorum
1108 2471 1304 2569 aliquanto
1328 2507 1331 2510 ·

299 2587 433 2689 magis,
453 2617 567 2690 quam
588 2595 627 2665 in
648 2594 817 2692 proxima
836 2591 1003 2663 historia.

349 2737 381 2809 7.
409 2714 552 2782 Foetum
580 2712 722 2808 pariter
748 2713 1014 2797 immaturum,
1044 2723 1081 2781 et
1110 2722 1304 2779 mortuum

299 2827 459 2922 ejecerat
481 2827 596 2899 altera
617 2841 788 2900 matrona
805 2850 932 2898 mense
951 2824 1071 2898 sextili
1086 2825 1177 2895 anni
1196 2824 1301 2922 1716.

299 2946 396 3015 Huic
423 2969 460 3016 se
483 2944 673 3041 gravidam
693 2969 789 3033 esse,
807 2970 852 3016 ex
865 2945 1053 3016 consuetis
1066 2942 1137 3014 sihi
1153 2942 1305 3015 indiciis

300 3062 461 3160 putanti,
473 3062 641 3134 medicus
653 3059 1304 3159 utabundantem‚quemadmodum

300 3175 549 3266 existimabat,
567 3179 755 3251 minueret
772 3180 1009 3276 sanguinem,
1030 3175 1221 3248 ebrachio
1235 3176 1305 3248 mi·

300 3309 398 3365 serat
421 3294 550 3391 pondo
576 3295 688 3369 librae.
719 3302 814 3370 Cum
839 3312 972 3368 venter
994 3309 1125 3394 ,postea
1154 3294 1305 3366 nonita

300 3434 371 3509 pro
394 3413 610 3508 gestationis
628 3429 799 3514 tempore
818 3427 997 3500 tumeret,
1023 3411 1236 3511 mulierque
1259 3411 1305 3482 iis

301 3528 496 3602 mensibus
524 3530 663 3629 quibus
690 3531 803 3606 foetus
833 3547 980 3604 motum
1008 3529 1305 3603 animadvertere

302 3664 564 3738 consueverat,
576 3674 655 3720 non
669 3652 898 3749 perciperet,
913 3663 995 3721 tum
1012 3647 1210 3737 obstetrix,
1224 3661 1305 3720 tum

300 3761 470 3835 medicus
487 3765 586 3863 ipse,
605 3768 663 3837 vir
678 3768 846 3865 alioquin
866 3766 1018 3854 doctus,
1035 3764 1101 3838 sed
1119 3788 1234 3863 quam
1249 3788 1306 3836 se·
1377 3809 1380 3816 «

305 3880 381 3950 mel
401 3881 527 3952 animo
547 3882 763 3956 imbibisset·
775 3884 994 3981 opinionem
1007 3880 1229 3956 haudfacite
1241 3880 1309 3956 de·

268 4027 269 4031 Ν
299 4020 465 4098 ponens,
481 4024 561 4074 non
581 3997 730 4098 foetum,
748 4001 814 4076 sed
829 4001 971 4076 molam
983 4016 1097 4078 utero
1106 4000 1203 4100 geri,
1215 4021 1307 4101 pro-
