2816 5282
993 209 1021 246 ὃ

309 405 376 452 me.
392 404 441 450 1v.=
458 403 504 448 nn
515 394 1162 460 uosn1scnmune.,etc.musnmn.
1192 386 1220 462 5,

250 518 646 607 derat,ut·intratam
675 514 790 588 breve
809 530 958 614 tempus
982 541 1220 619 quosuperst

251 639 334 708 vita
351 633 440 724 fuit,
455 659 538 706 nen
557 633 691 704 minor'
706 635 813 732 copia
831 636 1022 733 sanguinis
1037 634 1154 709 'effusa
1168 641 1220 710 vic

252 747 382 842 retur,
401 753 562 850 quamsi
577 751 807 848 emulgentia
826 767 930 842 vasa,
957 771 1020 826 aut
1032 779 1127 828 vena
1145 782 1220 854 por

253 895 367 958 rum,
387 870 446 940 vel
470 872 593 967 potius
608 870 704 966 'ipse
726 885 1025 960 cavae'truncus,
1052 897 1135 970 quae
1153 874 1220 945 111ae

253 988 474 1059 invenimus
512 988 659 1073 omnia,
684 984 841 1058 fuissent
868 987 1071 1060 vulnerata.
1096 989 1220 1062 'Subla

255 1108 503 1176 enimmanu
537 1104 914 1190 intestinistantum
945 1107 1046 1203 nigri
1077 1109 1220 1206 sanguis

255 1223 334 1295 sub
355 1225 446 1319 ipsis
456 1225 469 1310 ,'
479 1236 516 1293 et
532 1221 653 1292 multo
675 1222 791 1319 magis
811 1223 910 1293 intra
934 1223 1073 1320 pelvim
1092 1239 1220 1323 consp«

253 1357 341 1412 tum
351 1355 424 1428 est,
444 1354 635 1436 quantum·
649 1340 990 1436 plerisqueeorum
1012 1344 1079 1438 qui
1097 1343 1220 1414 adera]

252 1459 402 1556 viginti
417 1458 561 1529 'saltem
583 1455 710 1556 libras·
731 1481 883 1553 aeqnare'
904 1457 1119 1530 videretur:
1150 1485 1220 1557 qua

254 1601 377 1675 quam
406 1600 503 1646 cum·
522 1576 573 1646 sic
589 1573 738 1645 fluidus
763 1590 880 1664 esset,
908 1591 959 1646 ut·
975 1579 1087 1673 pauci
1112 1580 1220 1648 omni

254 1695 388 1792 grumi
403 1694 442 1762 in
457 1717 502 1762 eo
522 1705 676 1788 possent
691 1691 953 1778 animadverti,
969 1718 1095 1790 neque
1108 1721 1220 1793 usque

247 1814 304 1881 -in
319 1807 692 1878 nniversi‘cadaveris
714 1806 1149 1910 confectione'polyposi
1165 1839 1218 1909 qu

255 1951 380 2026 quam
406 1926 445 1994 in
468 1925 586 2013 uasis,
600 1939 664 1994 aut
693 1923 808 1995 corde
838 1925 921 2021 ipso
943 1943 1188 2024 conspectum
1212 1954 1220 2000 s

253 2045 345 2120 ,veri
361 2043 481 2115 simile
502 2044 575 2141 est,
610 2055 879 2139 postmortem
903 2066 1059 2138 quoque
1085 2069 1130 2116 ex
1146 2046 1220 2115 inci

258 2164 361 2236 vasis
376 2159 543 2233 defluere
559 2160 784 2256 perrexisse,
800 2173 837 2230 et
856 2155 964 2230 effusi
983 2175 1071 2232 ante
1090 2178 1220 2234 morter

258 2281 414 2378 copiam
430 2278 713 2350 auxisse.:certe
738 2275 865 2375 elapso
881 2291 1019 2374 quarto
1038 2277 1085 2349 ab
1117 2281 1220 2352 interi

260 2400 349 2486 die,
378 2421 423 2468 ex
449 2398 531 2494 ipso
549 2396 719 2468 vulneris
741 2394 817 2466 fine
834 2419 948 2494 quem
968 2395 1015 2466 ad
1039 2398 1220 2494 spinae‘lat

260 2515 562 2613 descripsimus,
586 2479 830 2610 ‘sangumem
870 2514 1064 2584 etiamtum
1088 2514 1220 2611 prodii

262 2635 542 2732 conspeximus.
570 2633 669 2702 Num
689 2645 814 2703 autem
837 2630 941 2702 illinc
961 2631 1220 2728 pertrausfixi

257 2749 513 2849 diaphragma
531 2750 763 2820 inventrem
782 2747 1044 2837 descenderit,
1074 2774 1122 2820 an
1146 2775 1217 2822 con

264 2895 316 2942 ex
331 2864 461 2938 ventr‘e
478 2868 518 2936 in
536 2866 663 2963 supini
682 2865 1082 2937 cadav'eris'thoracem
1101 2891 1187 2963 pars
1201 2894 1220 2940 s

266 2987 396 3086 guinis
411 2983 646 3070 ascenderit,
667 2983 867 3054 'incertum
893 2999 959 3054 est.
985 2982 1085 3053 Illud
1113 3001 1218 3054 certu

262 3129 361 3176 «cum
377 3103 598 3203 priusquam
612 3099 747 3170 thorax
756 3100 987 3197 aperiretur,
1007 3101 1148 3171 ventris
1165 3103 1220 3172 vis

267 3221 378 3292 ribus
395 3219 549 3306 amotis,
573 3217 830 3313 exhaustoque
851 3217 1054 3314 sanguiue,
1083 3216 1220 3314 diaphr

263 3362 336 3422 ,ma
352 3338 661 3435 inspectaremus,
686 3334 907 3432 sanguinem
936 3359 981 3406 ex
998 3334 1131 3406 ultimo
1147 3334 1220 3431 huji

272 3449 431 3526 v'ulnere
448 3451 647 3550 prodiisse,
667 3466 749 3524 tum
773 3476 890 3523 mauu
909 3450 956 3522 ad
981 3475 1064 3522 eam
1084 3451 1220 3550 diaphr

274 3573 384 3643 matis
405 3585 551 3668 partem
568 3593 760 3667 oppressa,
788 3567 971 3645 fluctuare
998 3569 1140 3666 aliquid
1168 3575 1220 3666 suj

275 3713 365 3760 eum
385 3688 511 3759 locum
531 3700 754 3784 perceptum
772 3711 870 3774 esse,
902 3702 939 3758 et
964 3688 1131 3782 rugitum
1149 3711 1220 3781 que

277 3805 364 3878 dam
378 3821 414 3877 et
426 3828 580 3893 sonum,
599 3803 719 3900 qualis
742 3829 763 3874 a
783 3803 972 3875 conclusis
989 3803 1088 3872 intra
1106 3803 1218 3874 intest

278 3921 430 3995 flatibus
452 3923 566 4010 solet,
593 3920 781 4010 auditum
802 3935 838 3992 et
866 3935 998 4017 aperto
1018 3919 1182 4021 denique
1201 3934 1220 3992 t
