2784 5088
257 373 329 451 512
427 399 476 448 or
500 397 648 448 sarnus
673 400 718 446 nr
743 397 868 448 causrs
893 397 1107 448 noanonuu

257 513 390 612 puncti
413 528 539 586 autem
565 513 672 586 nervi
697 511 846 584 eostalis
873 512 1059 584 indicium
1083 509 1208 585 habes
1232 535 1277 581 ex

239 629 391 702 dolore
408 630 474 702 illo
490 631 557 728 qui
578 632 618 700 in
639 631 828 702 anteriore
848 631 1022 728 corporis
1043 645 1177 728 parte,
1198 651 1275 728 quo

256 750 288 822 is
314 747 511 848 contendit
545 770 722 836 nervus,¹
743 747 1010 844 respondebat.
1045 747 1121 818 Sed
1151 771 1277 844 quan-

258 889 371 964 quam
389 863 448 938 his
463 865 593 964 positis
605 918 615 953 ,
626 889 704 935 non
715 861 869 936 difficile
881 879 938 937 est
952 863 1152 936 historiam
1163 865 1273 935 istam

258 981 474 1080 explicare;
503 997 630 1054 tamen
661 982 691 1054 si
717 981 853 1066 melior
881 981 951 1052 tibi
974 983 1072 1052 ratio
1105 981 1277 1053 occurrit

258 1124 335 1200 qua
353 1123 434 1172 rem
452 1122 721 1197 assequamur,
738 1125 818 1170 non
841 1101 981 1172 invitus
1003 1101 1200 1172 assentiar.

309 1241 368 1290 ao.
412 1219 601 1290 Hactenus
634 1216 811 1289 Valsalvae
856 1215 1169 1304 observationes3
1198 1218 1275 1312 jam

258 1349 406 1406 nostras
417 1336 564 1432 accipe:
584 1357 677 1432 quas
693 1333 826 1406 eodem
844 1333 980 1410 ordine
992 1331 1275 1422 adscribemus,

207 1545 211 1552 .
256 1475 477 1550 quanquam
494 1451 541 1522 de
559 1449 707 1524 duabus
726 1477 810 1548 quae
827 1451 873 1522 ad
896 1452 1104 1522 sauciatum
1130 1450 1275 1554 collum

161 1621 172 1645 .
259 1569 419 1642 attinent
435 1567 551 1642 altera
572 1594 657 1640 cum
677 1569 724 1641 ad
740 1584 776 1640 te
789 1569 879 1642 alias
895 1567 957 1666 (1)
975 1569 1087 1640 missa
1102 1570 1174 1662 sit,
1194 1595 1276 1640 non

259 1701 315 1760 est
330 1711 398 1758 cur
410 1686 546 1757 iterum
566 1711 669 1758 nunc
687 1688 867 1758 mittatur.
893 1687 1018 1758 Altera
1037 1703 1166 1758 autem
1187 1687 1275 1758 hre-

257 1803 408 1874 vissima
427 1817 493 1875 est.

310 1946 367 1992 21.
383 1921 475 1993 Viro
494 1921 611 1992 imum
630 1921 770 1994 collum
790 1920 1011 1994 transfixum
1030 1937 1087 1994 est
1102 1923 1274 1992 anterius

260 2037 354 2110 adeo
373 2054 416 2109 ut
437 2036 606 2110 foramen
632 2039 738 2137 quod
761 2036 904 2110 ferrum
929 2038 1084 2111 subiens
1110 2036 1274 2126 fecerat,
1359 2041 1360 2044 ’

258 2156 308 2228 ab
325 2181 371 2228 eo
391 2154 494 2254 quod
509 2153 648 2228 fecerat
660 2157 873 2255 egrediens,
895 2159 957 2228 vix
978 2157 1138 2254 digitum
1169 2158 1274 2256 polli-

259 2299 342 2348 cem
364 2290 618 2348 transversum
639 2274 806 2346 distaret.
830 2279 865 2346 Is
883 2276 977 2363 cito,
1000 2272 1178 2347 suffocati
1202 2279 1272 2348 ins·

258 2407 336 2482 tar,
357 2406 412 2464 est
427 2405 611 2462 mortuus.
628 2389 813 2482 Cadaver,
835 2393 905 2464 etsi
929 2417 1009 2464 uon
1039 2391 1089 2464 ob
1114 2393 1272 2482 vulnus,

261 2507 327 2582 sed
349 2523 391 2579 ut
416 2509 634 2607 petentibus
654 2507 784 2581 amicis
806 2511 926 2581 multa
954 2526 991 2583 et
1011 2511 1114 2582 varia
1145 2527 1273 2584 osten·

259 2625 412 2712 derem,
432 2625 480 2696 ad
496 2626 685 2698 naturales
706 2611 870 2724 partium
895 2642 1103 2700 structuras
1111 2631 1271 2702 attinen-

257 2744 326 2830 tia,
343 2766 364 2812 a
380 2763 441 2814 me
455 2745 624 2816 Venetiis
642 2742 713 2815 sub
731 2746 882 2815 initium
902 2747 993 2816 anni
1006 2771 1112 2844 1707,
1130 2748 1270 2820 dissec-

222 2937 227 2942 ,
251 2870 340 2932 'tum
357 2874 435 2948 est·;
453 2861 563 2932 simul
582 2876 708 2932 tamen
732 2861 928 2934 hominem
954 2887 1001 2933 ex
1023 2860 1271 2936 suffocatione

258 2977 414 3077 periisse
442 2975 690 3050 confirmavit.
735 2979 924 3050 Nimirum
961 3004 1100 3078 asperae
1131 2984 1272 3055 arteria

257 3094 422 3181 annulus
443 3093 490 3166 ab
513 3095 658 3166 annulo
673 3095 835 3186 divisuS,
848 3097 992 3168 aditum
1009 3100 1211 3198 sanguini,
1230 3125 1270 3172 ex

257 3214 385 3284 incisis
412 3219 506 3286 vasis
532 3211 759 3311 prodeunti,
785 3213 1032 3312 patefecerat,
1063 3241 1134 3316 per
1157 3243 1270 3316 quem

257 3330 298 3400 iu
314 3330 487 3402 arteriam
503 3331 626 3420 illam,
645 3331 925 3430 pulmo'nesque
942 3335 1115 3406 irrueret.

299 3474 367 3551 ⁸na.
381 3451 501 3545 Super
517 3445 718 3546 profundis
740 3449 829 3520 colli
852 3441 1074 3523 vulneribus
1090 3450 1171 3522 duo
1202 3477 1268 3550 po·

257 3567 443 3658 tissimum
463 3593 485 3639 a
508 3593 568 3639 me
587 3570 740 3666 quaesita
758 3593 838 3644 esse
875 3572 1043 3642 memini.
1070 3572 1267 3668 Primum,

297 3946 342 4026 (ι)
362 3947 456 4023 Epist.
475 3921 580 4018 44,⁸n.
594 3966 623 4019 7.
