2854 4660
179 445 247 490 ιη.
268 443 316 490 1v.
336 445 382 492 nr
400 440 745 503 uoamscurnunc„
766 431 833 492 etc.
852 443 963 490 nmsr.
981 442 1028 490 m.
1057 421 1126 520 327

111 554 283 652 ‚perficie
299 555 493 652 inaequali,
510 539 637 626 colore
652 553 699 624 ad
714 551 920 626 subflavum
932 575 1131 654 vergente:

128 673 276 744 etinter
291 675 429 770 ipsam,
449 687 485 744 et
500 673 601 770 piam
622 695 694 768 pus
713 688 939 744 concoctum
954 689 1130 774 stagnans
1153 715 1156 720 ·

127 785 227 858 iuter
250 813 469 894 processum
493 787 669 859 falcatum
695 802 732 860 et
753 788 842 862 huic
862 791 1023 884 vicinam
1043 818 1131 891 par·

125 904 203 976 tem
222 907 369 980 cerebri
386 908 619 1005 superiorem
637 903 684 976 ad
702 908 891 979 anteriora
905 933 1036 1006 usque.
1055 916 1132 984 Cae·

126 1027 300 1096 terumin
311 1039 393 1097 toto
410 1026 494 1122 ipso
511 1022 669 1098 cerebro
680 1023 783 1095 nulla
798 1051 879 1123 quae
890 1025 960 1098 sub
978 1051 1129 1100 sensum

127 1141 300 1233 caderet,
317 1141 550 1241 deprebensa
563 1155 618 1214 est
630 1140 739 1212 laesio.

178 1261 210 1332 3.
232 1261 299 1330 Vir
318 1261 364 1332 ad
389 1259 658 1357 sexagesimum
682 1257 864 1336 accedens
889 1285 1051 1350 aunum,
1067 1260 1131 1336 ba·

125 1378 200 1450 culi
217 1379 332 1450 ictum
353 1379 489 1475 excipit
505 1377 619 1476 paulo
637 1401 751 1474 supra
767 1391 972 1452 extremam
993 1377 1127 1456 frontis

125 1511 164 1568 et
191 1488 329 1568 sidistri
360 1495 542 1594 temporis
574 1510 742 1592 partem,
774 1493 890 1574 nullo*
915 1513 1032 1584 tuuc,
1063 1513 1128 1576 aut

123 1614 306 1710 proximis
319 1611 453 1684 diebus
467 1626 671 1710 apparente
691 1627 961 1710 symptomate3
989 1631 1032 1692 ut
1049 1617 1128 1714 ipsc

124 1753 249 1829 perse
266 1731 434 1828 quotidie
459 1730 507 1802 ad
526 1731 767 1810 Bononiense
788 1733 821 1800 S.
840 1735 964 1818 Mariae
981 1733 1027 1806 de
1045 1736 1130 1810 Vita

125 1849 388 1924 nosocomium
404 1849 566 1936 veniret,
584 1847 651 1920 ubi
663 1849 834 1937 vulneri,
851 1866 1012 1924 cutaneo
1024 1877 1130 1948 pror·

125 1992 210 2054 sus,
237 1981 274 2038 et
296 1967 435 2040 nullius
460 1967 644 2044 momenti
671 1966 836 2056 credito,
854 1985 1036 2042 consueta
1067 1996 1127 2042 re—

60 2102 63 2111 ·
123 2085 248 2156 media
278 2083 560 2159 adhiberentur.
599 2086 700 2174 Quin
733 2085 842 2160 etiam
869 2111 937 2182 per
973 2087 1125 2160 eosdem

121 2218 310 2300 quatuor,
329 2217 394 2272 aut
413 2201 666 2298 quinquedies
681 2199 814 2274 infore
833 2204 994 2300 perstitit
1011 2219 1127 2280 casta-

120 2345 212 2392 neas
227 2319 412 2408 vendens,
428 2335 470 2390 ut
485 2318 647 2406 solebat,
667 2315 877 2416 praefrigida
894 2335 1124 2419 tempestate.

123 2443 235 2510 Sexto
251 2454 376 2510 autem
393 2438 541 2508 circiter
564 2436 624 2508 die
645 2436 811 2508 deterius
834 2435 876 2508 fit
897 2439 1054 2526 vulnus,
1071 2439 1124 2512 fe-

121 2557 277 2654 brisque
294 2581 378 2626 cum
402 2553 562 2653 frigore,
583 2570 620 2628 et
635 2557 761 2652 rigore
779 2554 944 2626 invadit:
973 2583 1054 2652 quae
1076 2559 1123 2632 ad

122 2674 295 2746 eumdem
310 2673 467 2746 modum
486 2672 654 2770 quotidie
674 2697 893 2758 recurrens,
921 2674 1027 2747 nullo
1051 2677 1124 2748 alio

121 2790 323 2864 accedente
338 2805 604 2888 symptomata,
619 2815 731 2886 quam
743 2791 816 2862 levi
831 2791 1001 2865 sauciatae
1011 2796 1126 2889 partis

122 2933 334 3006 gangrena.
362 2910 498 2986 sensim
529 2906 722 2981 bominem
752 2906 924 2982 confecit.
959 2907 1125 2982 Cadaver

123 3039 358 3098 contractum
376 3022 636 3122 eratafrigida,
648 3024 902 3111 utvidebatur,
913 3026 1008 3100 aeris
1019 3049 1127 3099 cons-

120 3143 308 3214 titutione.
328 3143 528 3216 Evulnere
548 3143 663 3222 saniei
688 3141 863 3214 nonnihil
888 3143 986 3215 inter
1004 3156 1125 3214 extre·

123 3261 441 3360 mummarginem
459 3260 676 3358 temporalis
686 3259 858 3346 musculi,
869 3274 905 3330 et
918 3281 960 3328 os
975 3259 1128 3334 descen·

123 3378 239 3450 derat.
259 3383 465 3476 Gangraena
489 3393 614 3450 autem
639 3377 811 3450 erosione
832 3359 898 3449 su'a
918 3375 1056 3449 vulnus
1079 3377 1126 3450 ad

121 3495 406 3592 amplitudinem
432 3511 590 3570 monetae
606 3519 705 3593 quac
739 3509 880 3565 scutum
914 3498 1128 3572 Romanum

123 3610 279 3702 dicitur,
300 3612 524 3684 dilataverat:
549 3612 679 3710 ibique
708 3635 750 3684 os
783 3610 932 3688 nudum
960 3611 999 3680 in
1019 3635 1129 3682 cons·

125 3744 278 3826 pectum
297 3729 644 3801 veniebatExsecto
662 3729 810 3816 cranio,
831 3754 878 3798 ne
897 3727 1128 3824 diligentiori

127 3846 280 3942 quidem
302 3849 467 3918 instituta
493 3847 766 3944 perquisitione
787 3845 908 3915 ullum
929 3845 1051 3940 potuit
1070 3845 1127 3914 la·

126 3964 241 4035 sionis
256 3963 437 4036 iudicium
456 3965 496 4034 in
514 3989 558 4058 eo
579 3988 661 4034 osse
686 3961 942 4036 animadverti.
980 3963 1129 4035 Menin-
