3000 4658
293 439 371 538 378
466 467 513 510 na
539 463 687 512 seorsus
711 465 756 511 er
782 463 908 512 causis
934 461 1145 510 nonnosum

230 563 232 569 ¹
312 619 317 630 ·
352 580 409 663 Δίι.
428 581 448 648 J
451 578 563 647 uveni
583 599 726 648 annum
744 577 969 674 vigesimum
993 576 1138 674 agenti,
1156 576 1313 649 vulnere

305 694 426 765 caesim
453 691 596 795 inflicto
626 693 845 794 temporalis
875 693 1068 768 musculus
1096 694 1246 766 sinister
1274 696 1315 766 in

305 825 561 884 transversum
575 867 585 900 ,
601 811 793 883 inciditur.
813 809 869 883 Ab
895 812 993 900 ictu,
1016 811 1123 885 brevi
1139 809 1237 886 lacto
1254 813 1315 884 iti·

307 954 415 1018 nere,
431 929 548 1018 cadit,
564 955 689 1028 neque
699 931 749 1002 ita
769 929 889 1001 multo
900 945 986 1028 post
1004 930 1188 1027 loquendi
1200 928 1315 1002 lacul-

305 1063 420 1120 tatem
440 1049 586 1120 amittit.
619 1047 947 1145 Interrogantibus
972 1059 1120 1136 tamen,
1136 1046 1315 1135 nutibuS,

308 1167 479 1264 quamvis
492 1166 614 1254 tarde,
634 1166 850 1264 respondet.
872 1165 1027 1238 Delatus
1039 1167 1079 1236 in
1097 1165 1197 1238 idem
1211 1165 1316 1262 quod

309 1282 477 1376 crebrius
505 1284 607 1371 dixi,
642 1286 935 1372 nosocomium,
952 1283 1149 1356 nonnullis
1177 1285 1316 1356 exactis

309 1400 459 1486 diebus,
477 1401 637 1498 aliquid,
651 1401 717 1474 sed
732 1401 896 1474 delirans
917 1401 1115 1488 duntaxat,
1135 1402 1316 1498 loquitur.

307 1522 463 1592 Interim
472 1543 628 1592 manum
641 1519 831 1613 dexteram
850 1544 930 1590 non
947 1507 1125 1602 movebat
1135 1519 1317 1618 amplius:

310 1652 525 1734 quaetamen
536 1639 564 1711 si
573 1632 827 1736 pungeretur,
841 1637 1063 1741 sedolorem
1075 1649 1171 1736 aeger
1182 1639 1319 1710 sentire

312 1755 548 1828 ostendebat.
565 1757 674 1830 Circa
683 1755 781 1827 diem
795 1756 890 1828 obiit
902 1756 1294 1857 decimumquartum.
1343 1839 1357 1847 ·

361 1876 499 1946 Granio
529 1875 712 1964 dissecto,
728 1891 922 1973 repertum
948 1887 1004 1947 est
1031 1875 1191 1964 vulnus,
1215 1874 1320 1973 quod
1378 1883 1388 1912 '·

311 2017 390 2064 non
410 1995 658 2092 temporalem
683 2009 830 2066 tantum
857 1993 1092 2082 musculum,
1121 1993 1187 2066 sed
1215 2007 1252 2064 et
1278 2017 1320 2065 os

301 2111 513 2201 inciderat,
531 2114 604 2184 alte
621 2115 660 2183 in
680 2111 878 2185 cerebrum
899 2125 1132 2209 penetrasse,
1158 2127 1195 2184 et
1218 2135 1319 2184 sero-

313 2254 390 2308 sam
416 2231 636 2319 colluviem,
665 2255 747 2329 quae
769 2229 824 2300 ibi
855 2229 1096 2314 occurrebat,
1117 2229 1319 2302 'cerebrum

312 2373 430 2446 porro
449 2351 625 2437 erosisse3
641 2363 685 2419 ut
696 2351 819 2420 e'rosio
836 2349 876 2417 in
892 2349 1085 2420 sinistrum
1099 2371 1220 2444 usque
1235 2371 1321 2419 ven·

247 2551 255 2564 ⁸
312 2466 491 2538 triculum
520 2467 745 2564 perveniret
777 2469 873 2536 Cum
905 2482 1031 2538 autem
1060 2489 1207 2553 serum,
1232 2464 1321 2536 huic

313 2609 393 2654 nou
404 2582 573 2654 absimile
580 2637 603 2676 ,q
619 2583 711 2656 dum
729 2583 930 2655 cerebrum
950 2584 1200 2672 eximeretur,
1220 2583 1322 2654 circa

315 2701 493 2798 equinam
535 2700 663 2772 sellam
694 2700 918 2799 prodiisset,
947 2691 1027 2772 reri
1061 2702 1182 2774 simile
1224 2715 1322 2790 erat,

315 2843 361 2888 ex
384 2817 520 2890 eodem
536 2818 749 2890 ventriculo
761 2818 851 2891 illuc
868 2843 936 2918 per
956 2815 1238 2891 infundibulum
1257 2818 1322 2890 de·

301 2935 475 3020 fluxisse.

365 3056 1319 3158 ditaverisduorumcirciteretvigintiannorum,

314 3201 452 3276 magno
471 3178 550 3250 ictu
569 3179 689 3250 caesim
711 3177 759 3248 ad
772 3179 1008 3276 superiorem
1026 3175 1194 3273 ejusdem
1216 3177 1321 3247 sinis-

244 3335 258 3356 ι
314 3298 363 3367 tri
383 3295 544 3368 musculi
562 3297 780 3395 temporalis
803 3311 948 3395 partem
967 3295 1164 3368 sauciatur.
1190 3294 1322 3365 Conci-

314 3414 499 3499 ditillico,
519 3439 588 3487 nec
603 3417 791 3513 loquitur,
803 3415 912 3486 utvix
923 3416 1048 3485 vivere
1062 3412 1243 3484 videatur.
1253 3417 1322 3484 Lo-

315 3533 457 3630 quendi
475 3547 604 3630 postea
624 3531 794 3616 facultas,
823 3547 1039 3629 caeteraeque
1065 3555 1197 3606 omnes
1215 3529 1322 3602 resti-

315 3667 484 3722 tuuntur.
501 3650 573 3722 Sed
589 3653 687 3722 circa
704 3665 882 3748 quartum
901 3649 1003 3721 diem
1022 3649 1188 3747 aphonia
1206 3646 1319 3720 redit:

315 3793 534 3868 quanquam
552 3769 751 3867 aliquoties
772 3782 923 3866 postea,
942 3767 1007 3841 sed
1031 3792 1118 3840 raro
1138 3766 1322 3839 nonnulla
1390 3751 1394 3755 ’

315 3887 475 3992 protulit
497 3887 635 3958 verba:
661 3911 747 3959 cum
775 3886 940 3986 aphonia
963 3902 1089 3960 autem
1117 3883 1323 3959 convulsivi

315 4021 442 4082 neotus
455 4007 687 4104 junguntur,
702 4007 742 4077 in
763 4006 913 4079 sinistra
931 4005 1087 4105 quidem
1111 4017 1217 4105 parte
1239 4026 1322 4074 cor·
1492 3967 1493 4033 l
