2784 5088
294 445 364 520 518
462 469 508 516 ne
535 461 681 525 sautans
708 465 902 514 rr‘causrs
929 465 1137 537 nonnosum

293 597 329 656 et
342 581 454 654 dorsi.
476 559 549 652 sed
567 595 604 652 et
621 579 696 652 albi
710 580 903 653 abscessus
923 598 1052 670 erant,
1068 595 1111 652 ut
1129 581 1173 652 ad
1188 605 1273 679 pyra·

294 699 451 772 midales
464 698 679 771 abdominis
700 699 901 771 musculos.
926 700 1028 771 Nibil
1049 715 1172 772 tamen
1189 700 1280 798 puris,

297 821 395 890 intra
408 817 752 905 ventrem,omenti
769 817 970 906 duntaxat,
987 834 1024 890 et
1042 820 1278 890 intestinorum

301 959 389 1036 pars
411 937 538 1034 aliqua
556 935 712 1007 virebat.
730 939 843 1008 Jecur
869 937 1024 1034 quidem
1041 991 1051 1026 ,
1068 937 1161 1021 lien,
1174 935 1280 1005 ventri·

299 1054 420 1144 onius,
435 1069 472 1126 et
489 1055 612 1126 vesica
630 1077 740 1150 aequo
763 1069 870 1126 erant
895 1057 1049 1150 majora.
1068 1054 1140 1124 Sed
1161 1052 1280 1122 nullan

305 1187 482 1270 praterea
501 1171 635 1243 vitium
650 1185 713 1241 aut
731 1173 833 1268 ipsa,
857 1187 921 1243 aut
938 1174 1082 1243 viscera
1100 1173 1168 1242 alia
1186 1185 1283 1241 osten·

302 1287 452 1361 debant.
471 1289 585 1362 Sedes
602 1285 672 1359 illae
688 1289 954 1360 tantummodo
974 1314 1069 1386 quas
1093 1291 1190 1360 inter
1206 1310 1281 1358 mus-

302 1407 493 1504 culospus
508 1405 739 1493 obtinuerat,
758 1407 891 1477 vitiatae
910 1423 1069 1505 repertae
1090 1421 1185 1479 sunt.

352 1522 409 1596 25.
422 1528 476 1594 Ex
490 1521 561 1593 bac
571 1545 726 1622 quoque
744 1523 900 1596 bistoria
920 1527 1006 1598 satis
1026 1539 1197 1624 apparet,
1211 1546 1279 1621 pus,

304 1645 342 1714 in
361 1638 572 1738 sanguifera
586 1664 672 1712 vasa
694 1657 908 1740 exceptum,
926 1643 1000 1712 alio
1015 1641 1215 1715 transferri.
1238 1643 1280 1728 In·

305 1758 568 1833 termuscuios
587 1760 686 1829 enim
701 1813 711 1848 ,
724 1785 801 1831 non
816 1759 1005 1832 claviculae
1023 1761 1077 1830 iili
1096 1761 1282 1859 proximos,

307 1879 372 1952 sed
384 1881 580 1976 oppositos
596 1894 660 1950 aut
681 1879 793 1976 longe
813 1879 963 1952 dissitos
989 1879 1207 1978 quomodo,
1226 1901 1282 1946 non

307 2020 376 2095 per
390 1993 599 2092 sanguifera
608 2019 694 2066 vasa
711 1997 926 2068 traductum
938 2053 947 2083 ,
959 1999 1084 2095 ipsum
1100 2025 1168 2096 per
1182 2022 1214 2068 se
1225 2017 1284 2093 per·

306 2113 498 2187 venisset?
515 2111 587 2184 Sed
606 2113 717 2212 longe
730 2115 882 2211 majoris
895 2117 1097 2203 momenti,
1115 2116 1149 2186 id
1166 2129 1215 2186 est
1227 2110 1283 2180 vul·

307 2234 429 2305 nerati
446 2231 594 2320 cordis,
611 2231 916 2304 observationem
934 2231 1181 2332 proferamus.

360 2351 416 2426 26.
437 2349 728 2422 Mediolanensis
748 2375 893 2449 pauper
906 2375 1027 2423 annos
1039 2365 1152 2422 natus
1167 2349 1209 2420 ad
1221 2367 1286 2444 qua·

310 2469 505 2566 draginta,
527 2470 579 2540 sic
602 2468 688 2540 satis
704 2482 875 2556 torosos,
899 2483 936 2540 et
954 2493 1085 2556 sanus,
1114 2469 1183 2539 nisi
1206 2457 1283 2561 quod

310 2585 409 2658 foeda
439 2586 582 2658 scabies
613 2600 714 2656 artus
749 2584 812 2656 bic
838 2586 913 2658 illic
950 2586 1192 2684 deturpabat,
1212 2583 1283 2654 bene

311 2727 488 2803 pransus,
501 2717 538 2775 et
554 2717 688 2802 potuS,
712 2719 797 2774 cum
816 2705 934 2776 altero
952 2729 1034 2778 suae-
1050 2706 1162 2776 sortis
1178 2703 1285 2772 rixatus

312 2822 435 2895 cultro
452 2821 636 2893 inflictum
655 2823 793 2894 vulnus
813 2824 975 2921 accepit,
988 2811 1141 2895 duobus
1154 2819 1237 2892 infra
1252 2815 1284 2886 si-

312 2943 466 3014 nistram
482 2939 686 3010 mamillam
698 2941 1062 3038 transversisdigitis.
1072 2946 1193 3011 Pauco
1207 2953 1284 3012 tuno

309 3075 348 3132 et
365 3073 494 3158 postea
513 3060 695 3156 sauguine
715 3057 943 3156 prodeunte,
956 3083 1024 3157 per
1042 3083 1080 3131 se
1094 3069 1283 3163 progressus

313 3196 369 3250 est
381 3177 428 3248 ad
441 3199 570 3275 passus
588 3178 847 3276 septuaginta:
866 3193 947 3248 tum
968 3177 1160 3264 consedit,
1178 3189 1210 3248 et
1226 3189 1283 3266 quae

311 3297 350 3366 in
367 3294 527 3393 prandio
551 3309 777 3392 sumpserat,
803 3319 982 3382 vomens,
1006 3295 1060 3365 ibi
1091 3295 1186 3364 intra
1205 3282 1285 3359 serui·

315 3412 448 3483 horam
463 3466 473 3500 ,
488 3427 552 3482 aut
564 3427 665 3483 certe
676 3437 755 3482 non
774 3412 895 3484 multo
914 3411 1075 3508 amplius
1093 3427 1230 3506 tempus
1244 3403 1283 3469 in·

310 3532 415 3604 teriit
427 3585 437 3618 ‚
457 3533 507 3602 Vl
530 3529 615 3602 idus
633 3531 757 3602 martii
782 3533 870 3602 anni
891 3527 993 3629 1725.
1015 3529 1181 3600 Cadaver
1197 3527 1227 3593 in
1248 3517 1285 3612 ly·

315 3675 423 3722 ceum
441 3648 613 3734 illatum,
631 3663 673 3720 ut
701 3665 875 3721 anatome
906 3647 1181 3730 absolveretur,
1200 3653 1285 3736 quam

314 3765 481 3840 secundo
504 3764 590 3837 loco
611 3781 702 3838 tunc
729 3766 892 3844 habebat
922 3767 976 3836 ci.r
997 3772 1134 3838 Joanes
1157 3755 1282 3856 Baptista

238 3893 246 3912 ¹
312 3885 489 3981 Vulpius,
511 3907 656 3955 summa
680 3883 727 3953 ab
748 3900 910 3982 utroque
931 3899 1105 3957 nostrum
1129 3867 1282 3972 diligentia

311 4002 580 4098 perlustratum
600 4015 665 4073 est.
686 4005 729 4072 Et
741 4002 852 4100 plura
871 4001 1027 4100 quidem
1040 4001 1206 4075 adnotata
1219 3992 1279 4062 sunt
