2816 5282
149 413 218 459 nm.
233 412 288 457 iv:
301 411 347 457 nn
361 407 497 457 uoarts
507 403 703 475 caraune,
721 397 789 458 etc.
806 407 919 463 ntusr.
933 409 1004 464 ttv.
1032 383 1100 494 577

18 541 21 565 ²
99 527 233 625 Neque
256 528 355 597 enim
376 550 508 597 omues
525 527 621 597 ictus
640 525 771 597 eadem
794 527 1030 603 vehementia
1044 536 1103 606 in-

98 643 302 741 fliguntur,
332 663 455 741 neque
481 643 659 714 omnibus
692 645 867 716 intestina
896 671 1001 746 aeque
1031 651 1105 724 dis-

98 763 268 860 ruptioni
288 775 505 859 opportuna
518 776 604 830 sunt
621 775 699 831 tum
716 787 736 831 a
755 777 906 850 natura,
928 769 1105 862 quemad·

100 879 257 952 modum
270 901 401 951 cervos
416 877 632 950 Aristotcles
646 878 799 981 quidem
819 885 967 980 scripsit
979 885 1033 981 (r)
1051 893 1103 957 in-

99 1003 270 1069 testinum
309 1009 386 1066 tam
419 1009 550 1083 tenue,
585 993 836 1092 imbecillcqbe
872 997 1030 1090 habere,
1062 1017 1105 1074 ut

98 1120 243 1186 etiamsi
272 1113 397 1185 leviter
428 1117 674 1211 percusseris,
702 1120 823 1210 possit
853 1124 994 1216 rumpi,
1020 1135 1103 1192 cute

97 1231 224 1303 adhuc
237 1237 398 1327 integras
412 1245 492 1301 tum
508 1254 529 1300 a
542 1229 762 1326 repletione.
782 1235 828 1302 Et
839 1248 940 1308 certe
948 1237 1102 1334 utrique

98 1373 233 1421 eorum
254 1369 419 1446 quorum
444 1345 559 1417 modo
587 1345 761 1419 historias
787 1374 833 1420 ex
855 1353 1102 1449 Sepulchreto

96 1468 364 1556 iudicavimus,
386 1489 532 1538 summe
556 1481 648 1536 tunc
681 1466 846 1563 repleta,
881 1483 917 1542 et
943 1470 1103 1544 distenta

96 1600 233 1683 practer
247 1585 400 1656 solitum
418 1580 529 1654 fuisse
556 1583 731 1656 intestina
749 1610 770 1655 a
787 1587 905 1657 nimio
924 1603 1036 1686 potu,
1059 1616 1104 1662 ex

98 1726 249 1789 earum,
269 1717 305 1773 et
322 1700 457 1771 scholii
476 1701 633 1796 insuper
649 1699 696 1770 ad
713 1703 873 1797 primam
892 1704 1009 1777 additi
1028 1708 1103 1781 lec-

97 1822 203 1890 tione
227 1841 441 1915 cognosces.
461 1817 518 1885 Tu
533 1818 667 1913 igitur,
690 1815 876 1914 siquando
896 1837 1030 1918 praeter
1052 1827 1103 1897 ic-

97 1953 207 2010 tuum
226 1929 453 2006 'abdominis
484 1932 779 2023 vehementiam,
799 1936 1064 2012 intestinorum
1083 1968 1104 2014 a

98 2075 340 2152 quacumque
353 2073 461 2122 causa
477 2051 744 2138 distentionem
756 2051 868 2126 fuisse
880 2069 972 2128 tuuc
987 2060 1103 2148 scias,

97 2170 315 2270 gravissima
325 2183 471 2255 autem,
489 2183 525 2240 et
538 2168 741 2266 peculiaria
750 2171 930 2244 accedant
943 2191 1105 2274 sympto-

97 2303 218 2378 mata3
238 2288 331 2386 quid
351 2287 452 2357 intus
471 2283 553 2356 fieri
579 2288 764 2382 potuerit,
796 2289 939 2362 etiamsi
961 2294 1103 2366 nullam

96 2409 251 2477 incute
285 2405 473 2476 laesionem
507 2402 654 2490 videas,
684 2387 951 2502 suspicaberis3
978 2424 1039 2498 et,
1073 2414 1104 2484 si

95 2521 195 2595 nihil
214 2521 316 2594 aliud
329 2523 487 2620 poteris,
508 2535 655 2593 atcerte
670 2523 924 2619 suspicionem
941 2505 1106 2602 tuamiis

98 2665 265 2740 quorum
283 2641 453 2711 intererit
466 2651 573 2710 caute
587 2637 780 2710 indicabis.
799 2644 880 2711 Imo
894 2644 962 2715 etsi
979 2669 1105 2742 neque

72 2741 77 2750 s
97 2760 163 2830 illa
171 2758 349 2830 distentio
363 2753 627 2852 fuerit‚neque
642 2757 764 2826 statim
775 2757 971 2829 adsintilla
984 2785 1106 2861 symp-

98 2867 258 2963 tomata,
274 2873 354 2945 noli
375 2875 454 2944 sine
472 2873 577 2942 omni
588 2874 724 2942 timore
736 2897 834 2962 esse,
846 2899 894 2944 nc
909 2877 1105 2974 quidpiam

100 2993 197 3066 forte
215 2992 364 3065 latentis
390 2989 478 3059 mali
502 2989 640 3060 sensim
660 3004 817 3076 crescat,
837 2992 994 3088 ejusque
1012 2993 1106 3065 indi·

100 3115 157 3186 cia
182 3111 230 3182 de
252 3109 459 3207 improviso
491 3107 664 3176 universa
683 3121 893 3203 erumpant.
912 3111 1107 3205 Sapienter

99 3231 257 3302 Plancus
275 3227 322 3299 ad
341 3227 390 3298 M.
404 3224 568 3295 Tullium
585 3221 666 3320 (2):
688 3247 764 3292 non
773 3249 932 3321 possum
949 3251 1026 3296 non
1043 3254 1106 3299 ear-

100 3349 329 3430 horrescere,
349 3347 382 3414 si
404 3340 497 3439 quid
519 3346 754 3411 introeutem
777 3343 901 3413 subest
921 3343 1106 3435 vulneris,

102 3462 208 3564 quod
219 3449 327 3562 prius
351 3482 483 3532 nocere
502 3473 646 3557 potest,
668 3483 784 3554 quom
806 3464 893 3529 sciri
907 3467 1105 3559 curarique

144 3839 188 3918 (r)
205 3839 280 3898 nist.
295 3839 413 3899 animal.
426 3839 447 3893 l.
465 3835 498 3908 6,
517 3855 542 3892 c.
561 3853 598 3910 ²9
615 3835 646 3890 in
661 3833 714 3890 fin.

145 3937 189 4018 (a)
209 3943 291 4000 Inter
305 3939 400 4016 Epist.
412 3937 452 4000 ad
463 3935 602 4006 familiar,
617 3936 636 3992 1.
647 3935 665 3992 6
676 3975 686 4006 ,
698 3933 791 4009 Epist.
808 3936 853 3994 ιδ.

178 4039 212 4110 s.
940 4034 1013 4130 ap
