2828 4652
167 473 234 520 ΗΒ.
257 472 312 520 111.
340 475 387 520 DE
413 473 549 522 nonnts
567 472 736 536 VENTMS,
761 473 872 522 zrlsr.
894 473 1020 522 mul.
1052 475 1116 526 101

116 581 298 658 laxissime
316 587 521 683 conjuncta
534 583 772 672 viderentur,
783 609 912 684 reapse
923 587 1121 683 ,junctura

116 705 174 782 ‚vix
191 702 315 797 cultro
336 716 491 794 attacta,
507 701 668 774 alterum
684 701 733 774 ab
750 701 869 774 altero
889 701 1120 792 discessisse,

117 819 274 892 humore
294 820 423 918 aliquo
448 818 671 918 prodeunte.
702 821 780 890 Nec
798 819 1010 916 dissimilia,
1032 845 1119 893 cum

116 961 198 1008 mox
221 938 422 1034 juncturas
445 936 586 1008 ossium
607 937 714 1008 ilium
736 959 824 1007 cum
855 960 962 1008 sacro
982 938 1119 1010 exami·
1154 1002 1155 1006 ,

116 1077 309 1144 naremus,
328 1052 457 1127 videre
476 1054 546 1126 visi
559 1077 703 1143 sumus;
723 1068 766 1126 ut
782 1078 861 1126 uon
876 1047 1118 1154 longeavero

116 1171 243 1244 abiisse
261 1171 523 1262 crederemus,
540 1174 607 1269 qui
631 1197 712 1244 non
732 1173 855 1244 solum
882 1174 1117 1271 primiparis,

115 1291 203 1366 sicut
220 1290 482 1388 Hippocrates·
495 1288 551 1388 (1)
572 1288 719 1373 docuit,
745 1288 810 1362 sed
831 1283 879 1360 et'
893 1289 1120 1388 aliquando,

118 1407 224 1478 etiam
251 1408 292 1478 in
312 1421 423 1505 partu
443 1431 523 1478 non
541 1405 649 1478 valde
668 1405 874 1495 laboriose,
898 1401 1118 1480 coxendices

114 1523 301 1623 disparari
333 1523 579 1597 tradiderunt.
610 1525 783 1602 Excisum
814 1537 966 1596 uterum
1003 1525 1114 1598 attol-

113 1639 244 1731 lentes,
264 1641 523 1740 praegrandem
548 1642 717 1715 concreti
740 1641 931 1739 sanguinis
957 1663 1116 1716 massam

114 1783 176 1856 per
194 1760 338 1858 vaginae
357 1757 543 1832 orificium
557 1755 701 1832 effundi
717 1759 992 1857 conspeximus.
1007 1761 1120 1857 Nym·

114 1873 265 1974 pharum
271 1878 335 1949 vix
344 1876 555 1976 quidquam
570 1877 744 1976 apparuit
754 1930 764 1964 ,
775 1900 823 1948 an
838 1875 943 1974 quod
955 1877 994 1946 in
1003 1892 1115 1974 partu

120 1993 309 2086 cedentes,
325 2020 374 2068 ne
398 1997 570 2095 proxima
588 1995 683 2068 cutis
704 1993 906 2083 laceretur,
930 2018 968 2065 se
987 2008 1114 2066 exten·

115 2110 211 2203 dant,
231 2113 341 2186 brevi
359 2129 445 2212 post
466 2112 638 2210 tempore
660 2110 707 2182 ad
730 2111 934 2210 pristinam
952 2107 1113 2182 formam

118 2230 319 2304 rediturae?
357 2233 417 2302 Sic
450 2229 642 2302 Fabricius
678 2242 807 2302 noster
841 2226 888 2298 ab
911 2231 1114 2326 Aquapen-

116 2345 219 2423 dente
241 2349 299 2448 (a)
312 2350 536 2448 priusquam
562 2349 601 2420 in
614 2348 760 2446 virgine
781 2333 1040 2417 membranam
1055 2347 1112 2418 iu,

115 2465 244 2544 cideret
257 2466 525 2540 occludentem
539 2464 633 2537 illud
644 2461 836 2536 orificium
848 2515 859 2552 ‚
869 2464 1109 2561 maximaque

115 2581 268 2682 impositi
279 2585 473 2684 sanguinis
489 2584 527 2654 vi
551 2583 772 2669 distentam,
793 2578 979 2680 nymphas
993 2578 1111 2652 ferme

115 2700 226 2775 nullas
254 2688 473 2802 apparuisse
491 2700 725 2788 adnotavit,
766 2722 859 2798 quas
905 2721 1014 2786 mox,
1046 2696 1110 2771 illa

117 2819 328 2892 membrana
343 2820 480 2909 incisa,
496 2818 718 2916 sublataque
737 2815 924 2903 tensione,
941 2812 1112 2888 efforma-

116 2947 165 3008 tus
191 2938 392 3036 conspexit.
415 2943 468 3010 Ex
493 2935 632 3034 quibus
649 2935 702 3030 tsi
721 2957 742 3006 a
758 2945 946 3032 partures
963 2956 1112 3030 semper

117 3051 157 3123 ad
168 3055 339 3127 eumdem
350 3054 526 3151 modum,
539 3069 582 3125 ut
598 3052 740 3124 indicat
758 3050 961 3147 Dionysius
977 3049 1051 3146 (3),
1072 3074 1110 3126 se

118 3165 244 3257 habeti
271 3197 394 3244 unum
418 3197 463 3244 ex
486 3169 740 3270 nympharum
766 3166 1112 3262 usibus·conjicere
1159 3187 1167 3204 ‘

120 3307 197 3358 cum
213 3313 257 3362 eo
277 3305 395 3389 potes.
430 3293 530 3362 Dum
548 3289 733 3362 exteriora
750 3283 1035 3386 spectabamus,
1058 3283 1113 3360 la·

121 3425 225 3479 cunas
244 3409 393 3506 quasin
411 3408 543 3507 primis
561 3406 792 3478 Adversariis
808 3401 862 3500 (4)
880 3425 982 3474 anno
1001 3426 1113 3501 supe-

120 3604 537 3626 Ἣ

158 3721 196 3804 (ι)
216 3728 260 3784 De
274 3740 334 3785 nat.
346 3728 449 3818 pueri,
467 3748 498 3784 n.
514 3729 562 3794 43.

158 3820 198 3900 (a)
216 3829 260 3882 De
274 3828 347 3884 ohir.
359 3840 472 3905 operat.
489 3827 543 3884 ubi
557 3827 594 3884 de
604 3827 730 3904 hymene
741 3825 895 3900 imperior.

158 3920 201 4002 (3)
218 3927 380 3986 L’auatom.
395 3930 432 3988 de
444 3923 597 4001 l’bomme,
613 3927 776 3986 demonstr·
795 3932 830 3999 t,
846 3933 915 3986 tect.
932 3941 959 3980 a.

160 4019 200 4102 tt)
221 4025 295 4085 rat.
311 4028 337 4086 3.
