2854 4660
321 403 392 502 398
485 427 532 472 ur
559 423 706 474 sumnus
730 425 776 472 rr
800 423 926 474 cauus
950 427 1165 480 tomorum

318 543 415 612 simo
429 563 518 610 ense
531 540 736 623 sauciatus,
755 563 842 610 cum
853 539 893 610 in
906 540 1008 612 oculi
1018 541 1338 630 imbecillitatem,

318 673 356 732 et
385 656 656 755 hemiplexiam·
687 655 901 744 incidisset,
937 659 976 730 in
1009 655 1084 734 hoe
1107 661 1338 738 valetudinis

318 790 414 848 statu
424 773 470 844 ad
481 775 619 844 multos
636 797 756 843 anuos
768 773 880 844 vitam
894 774 1082 873 perduxit.
1101 781 1190 850 Huc
1202 777 1336 868 addes,

317 893 477 990 opinor,
495 904 712 962 venatorem
736 889 863 983 illum'j,
877 891 926 962 de
948 917 1027 989 quo
1048 895 1337 971 EliasCamera·

314 1013 392 1082 rius
415 1008 496 1105 (ι),
514 1009 686 1102 punctim
708 1011 747 1076 in
763 1006 896 1078 eodem
925 1011 1066 1108 angulo
1089 1012 1335 1088 vulneratum

243 1200 244 1204 ,
315 1131 354 1198 in
375 1124 542 1198 confinio
560 1124 748 1222 palpebrae
766 1128 992 1222 superioris,
1017 1129 1112 1200 exile
1130 1115 1230 1203 illud
1255 1133 1335 1205 vul-

315 1270 389 1316 nus
419 1243 580 1342 paralysi
614 1242 728 1313 totius
750 1245 917 1340 oppositi
943 1243 1068 1316 lateris
1094 1249 1334 1346 excipiente,

314 1363 478 1463 proximi
504 1359 605 1431 oculi
636 1361 840 1448 amaurosi,
866 1375 904 1432 et
935 1363 1127 1434 memoriae
1154 1388 1240 1436 non
1266 1365 1333 1440 levi

313 1481 599 1564 imminutione,
616 1478 775 1575 paralysi
791 1493 934 1561 tamen,
946 1479 1005 1550 his
1015 1481 1332 1577 persistentibus,

315 1600 454 1670 sensim
467 1595 647 1693 deinceps
662 1595 770 1666 valde
788 1596 925 1682 levata,
943 1598 1069 1668 vivere
1088 1616 1332 1696 pergentem,

314 1731 516 1788 ulmenses
534 1715 609 1810 jam
625 1731 788 1812 quatuor
800 1715 848 1786 ab
865 1714 1180 1790 inflictovulnero
1206 1719 1333 1792 tradu-

313 1831 898 1930 1isset,cumobservatioscripta
909 1847 1023 1921 est,et
1039 1832 1160 1906 ferme
1172 1857 1326 1923 novem,

311 1951 530 2036 utvidetur,
548 1960 637 2036 ¹c'um
650 1953 854 2047 Augustam
865 1949 1154 2022 vindelicorum
1167 1967 1225 2022 est
1240 1953 1326 2026 mis*

312 2093 361 2140 sa.
386 2071 473 2158 Quo
489 2063 634 2138 felicior
648 2063 719 2136 fnit
735 2066 885 2161 juvenis
898 2065 992 2140 alter
1013 2066 1061 2138 ab
1087 2067 1250 2142 Nebelio
1274 2071 1330 2166 (a)

312 2186 549 2283 propositus,
565 2185 632 2280 qui
649 2207 717 2276 per
730 2183 918 2256 sinistram
935 2182 1098 2258 orbitam
1117 2187 1327 2278 sanciatus,

310 2325 397 2374 cum
411 2303 534 2374 statim
554 2301 715 2399 paralysi
726 2299 895 2396 ejusdem
911 2301 1051 2388 lateris,
1069 2303 1242 2379 motibus
1260 2330 1324 2378 au·

308 2435 385 2492 tem
414 2421 452 2490 in
483 2419 659 2517 opposito
691 2419 937 2510 convulsivis,
962 2419 1145 2518 aphonia‚
1175 2437 1216 2494 et
1236 2449 1324 2498 mox

309 2537 463 2624 delirio,
476 2561 518 2608 ao
532 2535 724 2608 oblivione
742 2553 1061 2636 correptusesset‚
1075 2555 1163 2637 post
1172 2545 1324 2616 tertiam

307 2652 586 2724 hebdomadam
604 2675 723 2750 pauca
744 2656 846 2725 sanie
866 2679 911 2726 ex
930 2657 1082 2727 dextera
1103 2682 1197 2730 aure
1214 2663 1323 2758 cujus

306 2795 466 2868 magnus
485 2785 722 2868 praecesserat
741 2770 876 2860 dolor,
898 2795 968 2869 per
987 2772 1133 2870 aliquot
1158 2775 1245 2851 dies
1269 2777 1321 2852 el·

307 2885 469 2976 fluente,
486 2887 671 2982 integram
693 2889 889 2960 sanitatem
909 2902 995 2986 post
1021 2912 1085 2964 sex
1102 2891 1260 2969 circiter
1275 2895 1319 2971 ab

306 3021 461 3103 accepto
495 3003 653 3074 vulnere
685 3004 944 3080 hebdomadas
980 3013 1234 3110 recuperavit.
1267 3017 1318 3088 Ne

303 3150 395 3198 vero
413 3121 509 3194 forte
528 3121 693 3208 mireris,
721 3123 985 3222 hemiplexiam
1002 3125 1217 3223 subjectum
1238 3131 1317 3206 vul·

304 3243 387 3312 ueri
406 3241 519 3328 latus,
537 3240 802 3313 convulsioues
812 3244 1029 3340 oppositum
1049 3261 1182 3320 contra
1197 3273 1244 3320 ac
1258 3273 1315 3324 su·

303 3360 388 3457 pius
402 3355 484 3428 fieri
499 3357 610 3445 solet,
627 3373 669 3428 ut
694 3383 806 3457 supra
824 3362 878 3458 (3)
896 3361 1078 3451 diximus,
1107 3366 1314 3457 invasisse,

302 3475 395 3546 scias
412 3491 579 3572 oportet,
599 3475 738 3548 vulnus
765 3495 876 3550 acuto
900 3479 1025 3578 gladio
1053 3483 1123 3554 sub
1154 3501 1310 3556 externo

340 3777 384 3855 (r)
405 3773 482 3853 Eph.
494 3781 533 3836 N.
546 3781 579 3835 C.
593 3792 671 3837 cent.
689 3782 723 3852 3,
742 3784 806 3840 obs.
822 3782 870 3842 55.

341 3875 383 3955 (α)
406 3879 635 3938 Earumd.ceut.
649 3880 683 3952 6,
697 3883 762 3938 obs.
778 3881 826 3951 54.

336 3975 379 4058 (s)
401 3981 440 4036 r.
457 3984 504 4050 47.
