2784 5088
131 439 198 484 mr.
215 437 261 484 iv.
278 439 323 483 ns
338 436 473 482 norma
487 435 683 498 aurnuns,
703 428 771 483 etc.
793 438 904 484 nrrsr.
921 437 983 486 nn.
1011 419 1083 514 473
1159 411 1163 418 ’

85 573 281 650 grumosus
297 548 465 636 suberat,
479 548 633 620 sednon
650 549 797 620 multus.
824 553 956 648 Neque
980 553 1082 625 aliud

82 683 259 766 practerea
277 663 419 738 offendi
447 666 550 763 quod
570 666 617 737 ad
634 668 750 738 ictum
767 670 951 740 attineret.
985 675 1080 743 Nam

84 785 303 872 ossiculum,
317 780 421 881 quod
437 783 539 854 haud
550 786 599 854 ita
613 785 748 881 procul
759 785 963 884 deprendi,
983 789 1082 859 inter

83 913 242 975 crassam
260 917 490 998 tenuemque
506 901 621 998 hujus
637 897 712 971 viri'
729 905 925 1002 meninges
949 904 1082 976 condi·

82 1033 182 1108 tum,
197 1019 359 1116 jamdiu
381 1033 467 1090 ante
486 1019 525 1090 id
552 1035 701 1117 tempus
724 1019 776 1090 ibi
796 1021 1017 1112 increvisse,
1039 1047 1083 1094 ex

83 1139 161 1233 ejus
196 1136 448 1234 descriptione
479 1135 680 1234 intelliges,
707 1159 822 1234 quam
848 1141 949 1208 XXV
975 1137 1021 1208 ad
1046 1153 1083 1212 te-

82 1253 246 1350 epistolae
266 1237 489 1348 (¹1)inserui,
507 1277 631 1348 neque
647 1253 724 1323 ullo
740 1253 855 1324 modo
875 1280 945 1352 pro
971 1280 1082 1352 squa-

82 1397 140 1442 ma
161 1371 293 1442 haberi
318 1372 500 1469 potuisse,
532 1395 615 1466 quae
643 1372 740 1442 ictus
773 1371 879 1452 viab
905 1373 1085 1444 interiore

83 1488 275 1562 ossisfacie
293 1489 464 1576 decussa,
475 1489 574 1559 intra
584 1489 778 1589 meningas
793 1513 830 1561 se
844 1491 1085 1588 conjecisset,
1176 1471 1178 1476 ¹

81 1621 123 1677 ut
152 1608 192 1676 in
222 1605 329 1676 fabro
363 1607 426 1676 illo
463 1608 651 1693 murari0,
684 1608 789 1703 cujus
820 1607 1085 1682 dissertionem

83 1723 200 1794 habes
212 1723 312 1821 apud
331 1723 374 1794 cl.
393 1722 685 1819 Fantonum(2)·,
704 1723 897 1795 acciderat.
1084 1717 1089 1732 '

87 1885 90 1898 ·
131 1843 189 1914 33.
217 1845 262 1910 In
289 1841 423 1912 eodem
445 1842 667 1912 nosocomio
695 1843 870 1910 Patavino
899 1844 991 1912 meis
1013 1840 1092 1929 frc-¹

84 1958 344 2056 quentissimis
372 1956 628 2059 auditoribus,
658 1983 755 2054 quos
779 1959 894 2054 *inter*
913 1959 1089 2055 ingenie,

85 2076 229 2164 studio,
249 2074 463 2146 assiduitate
481 2073 676 2172 praestabat
698 2073 759 2143 vir¹
777 2074 915 2146 nobilis
924 2075 1089 2146 lacobus

85 2194 129 2264 de
147 2193 376 2290 Scopulo,is
396 2193 462 2290 qui
476 2193 605 2290 paucis
623 2209 707 2290 post
717 2192 824 2262 annis
842 2193 975 2262 merito
994 2195 1104 2264 inter-

85 2311 261 2408 publicos
282 2308 514 2407 professores
538 2308 695 2407 relatus,
722 2307 891 2380 medicus
919 2325 974 2380 est
999 2334 1091 2380 con·
1146 2355 1148 2358 -

87 2429 329 2515 sultissimus,
348 2428 481 2524 siquis
509 2427 619 2514 alius,
646 2443 682 2498 et
703 2427 989 2515 disertissimus;
1020 2426 1091 2497 ibi-

88 2545 171 2616 dem
189 2599 198 2632 ,
214 2547 391 2641 inquam,
409 2544 663 2615 demonstravi
679 2569 761 2640 quae
778 2541 893 2614 fracta
910 2559 1032 2616 essent
1048 2571 1092 2616 ex

89 2687 175 2736 casu
192 2662 238 2733 ab
253 2663 328 2732 alto
348 2663 386 2730 in
407 2663 489 2734 viro
509 2661 675 2760 quodam
697 2661 767 2736 sub
793 2663 940 2732 initium
967 2662 1093 2760 aprilis

87 2783 176 2851 anni
210 2785 320 2878 17403
344 2781 509 2876 itemque
534 2783 573 2850 in
589 2781 730 2876 juvene
763 2797 848 2852 ante
876 2780 1092 2852 novembris
1167 2837 1168 2842 η

88 2895 201 2970 finem
219 2895 309 2966 anui
329 2903 429 2993 1742.
445 2900 542 2986 ‘Quae
562 2899 708 2968 tametsi
729 2897 775 2967 ad
792 2897 985 2968 thoracem
1003 2893 1105 2993 quo·¹

90 3041 162 3112 que
180 3017 491 3101 attinent,tamen
508 3014 596 3109 quia
610 3016 722 3111 caput
737 3015 950 3112 gravissime
966 3015 1094 3084 laesum

90 3130 227 3220 fuerat,
247 3132 321 3201 huc
340 3127 611 3201 adscribentur.

139 3251 196 3338 34.
216 3251 281 3319 Vir
299 3248 389 3319 dum
403 3247 516 3317 altam
528 3247 640 3316 vitem
662 3260 827 3343 putaret,
845 3249 884 3317 in
905 3247 1026 3318 solum
1045 3249 1097 3319 la·

91 3367 242 3463 pidibus
261 3380 417 3436 stratum
436 3387 601 3461 praeceps
617 3365 701 3434 ruit.
726 3364 923 3459 Loquendi
942 3361 1098 3436 faculta-

92 3495 165 3552 tem
193 3483 377 3554 contin'uo
400 3483 531 3554 amisit.
565 3483 660 3550 Cum
686 3481 929 3554 semivivo-ex
951 3481 1099 3579 liquore

93 3601 219 3672 nescio
246 3623 324 3696 quo
347 3599 534 3686 cardiaco,
555 3613 598 3668 ut
627 3599 808 3687 vocitant,
835 3599 977 3696 aliquid
996 3601 1036 3668 in
1057 3575 1099 3669 os

80 3863 82 3867 ’
136 3877 177 3960 (1)
199 3881 235 3937 N.
259 3881 392 3938 anino.

134 3979 178 4060 (a)
200 3983 244 4038 De
261 3983 465 4041 obseramed.
480 3993 597 4040 etanat.
611 3982 697 4058 epist.
715 4002 740 4038 ι.
