2816 5282
329 435 397 482 mr.
407 435 454 482 1v.
470 436 518 481 nr
528 431 664 481 nonnis
676 433 875 496 enmuns„
892 421 961 480 etc.
976 403 1180 480 errsrrmn.
1211 408 1230 480 5

270 551 396 648 magis
413 548 604 642 idoneum.
624 545 695 618 Sed
708 547 790 644 qud
807 547 1017 618 secundum
1029 561 1174 618 naturae
1191 571 1234 618 co

272 667 517 740 suetudinem
543 664 716 754 fuerunt,
739 666 779 734 in
801 665 903 736 aliud
921 681 1085 760 tempus,
1106 665 1136 734 si
1161 689 1234 762 pau

264 785 474 882 ¹excipias,
509 797 722 870 servantes,
754 797 885 854 caetera
914 808 1016 854 nunc
1053 781 1234 854 memoral

272 926 382 989 mus,
411 925 481 972 nec
504 915 632 972 tamen
654 901 801 986 omnia,·
823 925 908 971 curn
926 899 1051 998 aliqua
1068 925 1112 970 ex
1124 899 1182 971 bis
1196 915 1232 971 at

274 1021 471 1116 gerimus,
493 1019 595 1090 ¹alias
628 1018 681 1090 ad*
705 1034 740 1090 te
762 1019 990 1106 scribentes,
1018 1034 1060 1089 ut
1086 1042 1174 1090 mox
1202 1017 1234 1088 'st

274 1137 466 1234 quodque
502 1137 588 1209 loco
615 1135 855 1208 indicabitur.
884 1139 1024 1207 Ventre
1041 1149 1191 1234 apertu,
1215 1161 1234 1208 u

276 1277 395 1350 quem
414 1255 586 1343 tenuium
614 1255 880 1326 intestinorum
902 1269 1062 1325 tractum
1081 1267 1203 1324 totum
1221 1253 1231 1322 i

174 1401 175 1404 ¹
270 1373 448 1444 venimus
480 1373 637 1446 lividum
667 1399 675 1442 :
712 1386 864 1462 etcum
898 1398 920 1444 a
957 1387 1080 1444 morte
1119 1371 1234 1443 necdu

276 1505 415 1561 exaetae
441 1507 566 1564 essent
588 1478 692 1562 horae'
718 1491 851 1588 viginti
878 1489 980 1579 duae,
1000 1489 1181 1587 chylifera
1198 1514 1234 1561 vt

173 1693 174 1698 ἵ
270 1607 360 1680 cula
393 1611 668 1706 transpeximus
697 1608 765 1681 sub
794 1611 931 1682 extima
958 1609 1087 1680 tunica
1106 1609 1187 1704 ejus
1219 1608 1230 1676 i

250 1727 498 1796 teminorum
525 1726 677 1796 illorum
706 1727 823 1822 partis
849 1753 932 1824 quae
954 1727 1173 1798 ventriculo
1191 1750 1234 1822 pr

269 1843 362 1939 pior
376 1857 475 1930 erat,
495 1841 588 1914 cibis
612 1842 796 1930 distent0,
822 1842 1069 1940 quamobrem
1099 1842 1215 1914 bilem

173 2031 174 2034 ,
271 1983 344 2031 sua
361 1961 452 2056 cysti
464 1983 623 2058 paucum
641 1960 984 2050 animadvertimus.
998 1958 1145 2050 Quibus
1157 1973 1234 2030 autu

270 2076 401 2176 pylori
425 2079 568 2148 annulo
584 2080 849 2177 prominentiae
867 2079 1094 2165 insiderent,
1125 2077 1228 2174 epist<

271 2197 457 2294 scripturn
473 2211 528 2268 est
541 2197 742 2295 xmp),
760 2198 869 2268 sicuti
878 2200 998 2267 XLIII
1010 2196 1064 2293 (ui
1085 2220 1234 2292 quomo»

174 2391 175 2412 ἲ
269 2312 430 2388 urethra
443 2338 481 2384 se
496 2313 670 2403 haberet,
682 2315 1234 2410 estindicutumffruncusmagt

269 2433 416 2502 arteriae
427 2446 505 2502 tota
524 2458 566 2504 ea
579 2448 685 2530 parte
702 2458 777 2530 qua
786 2433 833 2504 ad
844 2447 1014 2504 ventrem
1026 2411 1203 2530 pertinet,
1219 2430 1234 2500 l:

267 2547 349 2618 illic
373 2549 478 2620 initia
496 2550 719 2623 ostendebat
739 2551 897 2623 interius
915 2548 1034 2620 futuri
1062 2549 1170 2638 ossis;
1185 2549 1234 2618 int

209 2715 213 2720 -
270 2667 353 2736 rius
374 2680 518 2756 autem,
536 2684 573 2740 et
592 2669 754 2740 exterius
771 2670 984 2767 inspectus,
1011 2691 1082 2764 pro
1106 2691 1183 2738 una
1204 2680 1234 2737 tr

269 2805 318 2854 ex
335 2806 373 2854 se
386 2799 582 2858 nascentes
594 2787 784 2874 coetiacas,
797 2811 959 2883 quarum
973 2810 1049 2855 una
1060 2785 1182 2871 exilis,
1197 2783 1234 2854 d:

268 2918 352 2972 non
381 2891 526 2999 parvb,
560 2927 692 2974 omnes
725 2905 824 2975 inter
851 2928 888 2974 se
915 2903 1104 3000 proximae.
1130 2901 1224 2970 Thur

270 3017 678 3091 costasfraetasbabuit
688 3020 966 3118 septemdecim.
980 3021 1136 3089 Sinister
1147 3019 1234 3114 puln

269 3157 358 3204 cum
385 3136 515 3234 pleura
541 3135 762 3208 cobaerebat.
790 3140 896 3208 Vena
928 3160 1017 3208 cava
1041 3136 1212 3233 superior

269 3253 355 3348 ipso
376 3251 451 3324 fine
471 3279 492 3324 a
509 3252 601 3325 facie
636 3256 790 3353 quidem
806 3257 990 3326 interiore
1011 3254 1141 3324 leviter
1172 3275 1234 3350 qn]

270 3393 379 3442 erosa
392 3372 617 3469 apparebut3
634 3375 768 3444 arteria
787 3389 912 3445 autern
925 3396 1077 3470 magna,
1094 3371 1174 3468 ipsa
1187 3395 1234 3466 qn

270 3511 346 3584 que
366 3489 541 3577 interius,
559 3489 660 3562 haud
679 3493 815 3590 procul
832 3517 853 3562 a
873 3490 1008 3579 corde,
1028 3489 1075 3562 ad
1090 3513 1168 3559 non
1189 3487 1234 3558 br

268 3627 355 3675 rem
377 3621 540 3678 tractum
562 3609 758 3682 reticulata
786 3636 831 3684 ex
862 3609 1010 3696 crassis,
1038 3606 1209 3701 albisque
1233 3630 1234 3672 3
