<?xml version="1.0" encoding="UTF-8"?>
<!DOCTYPE html PUBLIC "-//W3C//DTD XHTML 1.0 Transitional//EN"
    "http://www.w3.org/TR/xhtml1/DTD/xhtml1-transitional.dtd">
<html xmlns="http://www.w3.org/1999/xhtml" xml:lang="en" lang="en">
 <head>
  <title>
</title>
<meta http-equiv="Content-Type" content="text/html;charset=utf-8" />
  <meta name='ocr-system' content='tesseract 3.04.00' />
  <meta name='ocr-capabilities' content='ocr_page ocr_carea ocr_par ocr_line ocrx_word'/>
</head>
<body>
  <div class='ocr_page' id='page_1' title='image "./desedibusetcaus03adelgoog_0548.png"; bbox 0 0 2816 5282; ppageno 0'>
   <div class='ocr_carea' id='block_1_1' title="bbox 203 393 1127 468">
    <p class='ocr_par' dir='ltr' id='par_1_1' title="bbox 203 393 1127 468">
     <span class='ocr_line' id='line_1_1' title="bbox 203 393 1127 468; baseline 0.002 -8"><span class='ocrx_word' id='word_1_1' title='bbox 203 453 204 460; x_wconf 74' lang='grc'>,</span> <span class='ocrx_word' id='word_1_2' title='bbox 287 393 359 468; x_wconf 81' lang='lat'><strong>550</strong></span> <span class='ocrx_word' id='word_1_3' title='bbox 456 415 503 462; x_wconf 78' lang='lat' dir='ltr'><strong>ra</strong></span> <span class='ocrx_word' id='word_1_4' title='bbox 529 410 677 464; x_wconf 74' lang='lat' dir='ltr'><strong>moinus</strong></span> <span class='ocrx_word' id='word_1_5' title='bbox 700 415 746 462; x_wconf 78' lang='lat' dir='ltr'><strong>rr</strong></span> <span class='ocrx_word' id='word_1_6' title='bbox 769 413 894 462; x_wconf 78' lang='lat' dir='ltr'><strong>osusrs</strong></span> <span class='ocrx_word' id='word_1_7' title='bbox 918 413 1127 464; x_wconf 72' lang='lat' dir='ltr'><strong>moruorum</strong></span> 
     </span>
    </p>
   </div>
   <div class='ocr_carea' id='block_1_2' title="bbox 250 527 1280 3696">
    <p class='ocr_par' dir='ltr' id='par_1_2' title="bbox 250 527 1278 1314">
     <span class='ocr_line' id='line_1_2' title="bbox 286 527 1275 630; baseline -0.004 -28"><span class='ocrx_word' id='word_1_8' title='bbox 286 553 369 630; x_wconf 73' lang='lat' dir='ltr'><strong>quae</strong></span> <span class='ocrx_word' id='word_1_9' title='bbox 385 529 445 600; x_wconf 84' lang='lat' dir='ltr'><strong>vel</strong></span> <span class='ocrx_word' id='word_1_10' title='bbox 462 531 502 599; x_wconf 90' lang='lat' dir='ltr'><strong>in</strong></span> <span class='ocrx_word' id='word_1_11' title='bbox 521 527 758 626; x_wconf 85' lang='lat' dir='ltr'><strong>Sepulcbreti</strong></span> <span class='ocrx_word' id='word_1_12' title='bbox 783 530 853 600; x_wconf 82' lang='lat' dir='ltr'><strong>ista</strong></span> <span class='ocrx_word' id='word_1_13' title='bbox 877 529 1045 602; x_wconf 86' lang='lat' dir='ltr'><strong>sectione</strong></span> <span class='ocrx_word' id='word_1_14' title='bbox 1067 529 1125 623; x_wconf 83' lang='grc' dir='ltr'><strong>(ι)</strong></span> <span class='ocrx_word' id='word_1_15' title='bbox 1145 530 1275 626; x_wconf 83' lang='lat' dir='ltr'><strong>legitur.</strong></span> 
     </span>
     <span class='ocr_line' id='line_1_3' title="bbox 289 646 1278 748; baseline -0.006 -28"><span class='ocrx_word' id='word_1_16' title='bbox 289 655 407 748; x_wconf 83' lang='lat' dir='ltr'><em>Spina</em></span> <span class='ocrx_word' id='word_1_17' title='bbox 426 649 547 736; x_wconf 88' lang='lat' dir='ltr'><strong>enim,</strong></span> <span class='ocrx_word' id='word_1_18' title='bbox 569 654 642 720; x_wconf 82' lang='lat' dir='ltr'><strong>sive</strong></span> <span class='ocrx_word' id='word_1_19' title='bbox 660 646 871 746; x_wconf 76' lang='lat' dir='ltr'><strong><em>appendice</em></strong></span> <span class='ocrx_word' id='word_1_20' title='bbox 891 653 1028 718; x_wconf 83' lang='lat' dir='ltr'><strong>ossium</strong></span> <span class='ocrx_word' id='word_1_21' title='bbox 1051 647 1110 718; x_wconf 83' lang='lat' dir='ltr'><strong>ilii</strong></span> <span class='ocrx_word' id='word_1_22' title='bbox 1130 671 1156 718; x_wconf 88' lang='lat' dir='ltr'><strong>c</strong></span> <span class='ocrx_word' id='word_1_23' title='bbox 1175 646 1278 743; x_wconf 79' lang='lat' dir='ltr'><strong>globo</strong></span> 
     </span>
     <span class='ocr_line' id='line_1_4' title="bbox 250 763 1276 865; baseline -0.005 -27"><span class='ocrx_word' id='word_1_24' title='bbox 250 778 254 790; x_wconf 93' lang='grc'><strong><em>’</em></strong></span> <span class='ocrx_word' id='word_1_25' title='bbox 288 765 444 865; x_wconf 76' lang='lat' dir='ltr'><strong>exploso</strong></span> <span class='ocrx_word' id='word_1_26' title='bbox 464 771 503 836; x_wconf 88' lang='lat' dir='ltr'><strong>in</strong></span> <span class='ocrx_word' id='word_1_27' title='bbox 526 771 657 838; x_wconf 79' lang='lat' dir='ltr'><strong>varios</strong></span> <span class='ocrx_word' id='word_1_28' title='bbox 673 779 809 864; x_wconf 76' lang='lat' dir='ltr'><strong>portes</strong></span> <span class='ocrx_word' id='word_1_29' title='bbox 836 763 1040 858; x_wconf 80' lang='lat' dir='ltr'><strong>diffracta,</strong></span> <span class='ocrx_word' id='word_1_30' title='bbox 1062 765 1179 848; x_wconf 88' lang='lat' dir='ltr'><strong>homo</strong></span> <span class='ocrx_word' id='word_1_31' title='bbox 1210 787 1276 834; x_wconf 89' lang='lat' dir='ltr'><strong>uon</strong></span> 
     </span>
     <span class='ocr_line' id='line_1_5' title="bbox 286 881 1277 984; baseline -0.005 -28"><span class='ocrx_word' id='word_1_32' title='bbox 286 884 404 956; x_wconf 89' lang='lat' dir='ltr'><strong>modo</strong></span> <span class='ocrx_word' id='word_1_33' title='bbox 412 907 485 984; x_wconf 82' lang='lat' dir='ltr'><strong>per</strong></span> <span class='ocrx_word' id='word_1_34' title='bbox 499 887 585 972; x_wconf 87' lang='lat' dir='ltr'><strong><em>XII,</em></strong></span> <span class='ocrx_word' id='word_1_35' title='bbox 604 899 646 954; x_wconf 90' lang='lat' dir='ltr'><strong>ut</strong></span> <span class='ocrx_word' id='word_1_36' title='bbox 664 883 702 954; x_wconf 91' lang='lat' dir='ltr'><strong>in</strong></span> <span class='ocrx_word' id='word_1_37' title='bbox 724 881 974 981; x_wconf 86' lang='lat' dir='ltr'><strong>Sepulchreto</strong></span> <span class='ocrx_word' id='word_1_38' title='bbox 994 897 1067 967; x_wconf 90' lang='lat' dir='ltr'><strong>est,</strong></span> <span class='ocrx_word' id='word_1_39' title='bbox 1088 882 1226 980; x_wconf 82' lang='lat' dir='ltr'><strong>sedper</strong></span> <span class='ocrx_word' id='word_1_40' title='bbox 1242 887 1277 968; x_wconf 67' lang='lat'><strong>14</strong></span> 
     </span>
     <span class='ocr_line' id='line_1_6' title="bbox 285 999 1278 1102; baseline -0.006 -26"><span class='ocrx_word' id='word_1_41' title='bbox 285 1008 512 1102; x_wconf 84' lang='lat' dir='ltr'><strong>septimanas</strong></span> <span class='ocrx_word' id='word_1_42' title='bbox 534 1007 655 1090; x_wconf 80' lang='lat' dir='ltr'><strong>vixit,</strong></span> <span class='ocrx_word' id='word_1_43' title='bbox 676 1025 725 1074; x_wconf 88' lang='lat' dir='ltr'><strong>ne</strong></span> <span class='ocrx_word' id='word_1_44' title='bbox 747 1005 840 1072; x_wconf 76' lang='lat' dir='ltr'><strong>tun&#39;o</strong></span> <span class='ocrx_word' id='word_1_45' title='bbox 861 1000 1039 1098; x_wconf 89' lang='lat' dir='ltr'><strong>quidem,</strong></span> <span class='ocrx_word' id='word_1_46' title='bbox 1061 1016 1105 1072; x_wconf 90' lang='lat' dir='ltr'><strong>ut</strong></span> <span class='ocrx_word' id='word_1_47' title='bbox 1129 999 1278 1085; x_wconf 86' lang='lat' dir='ltr'><strong>videtur,</strong></span> 
     </span>
     <span class='ocr_line' id='line_1_7' title="bbox 285 1119 1278 1218; baseline -0.002 -26"><span class='ocrx_word' id='word_1_48' title='bbox 285 1123 518 1209; x_wconf 86' lang='lat' dir='ltr'><strong>moriturus,</strong></span> <span class='ocrx_word' id='word_1_49' title='bbox 542 1122 615 1193; x_wconf 89' lang='lat' dir='ltr'><strong>nisi</strong></span> <span class='ocrx_word' id='word_1_50' title='bbox 637 1119 773 1218; x_wconf 79' lang='lat' dir='ltr'>globus</span> <span class='ocrx_word' id='word_1_51' title='bbox 798 1120 870 1192; x_wconf 82' lang='lat' dir='ltr'><strong>alia</strong></span> <span class='ocrx_word' id='word_1_52' title='bbox 891 1121 1063 1208; x_wconf 77' lang='lat' dir='ltr'><strong>lasisset,</strong></span> <span class='ocrx_word' id='word_1_53' title='bbox 1097 1121 1278 1216; x_wconf 80' lang='lat' dir='ltr'><strong>gravisque</strong></span> 
     </span>
     <span class='ocr_line' id='line_1_8' title="bbox 286 1236 1195 1314; baseline -0.003 -2"><span class='ocrx_word' id='word_1_54' title='bbox 286 1241 402 1314; x_wconf 72' lang='lat' dir='ltr'><strong>ammi</strong></span> <span class='ocrx_word' id='word_1_55' title='bbox 416 1239 564 1312; x_wconf 87' lang='lat' dir='ltr'><strong>subitus</strong></span> <span class='ocrx_word' id='word_1_56' title='bbox 579 1236 737 1312; x_wconf 83' lang='lat' dir='ltr'><strong>aflectus</strong></span> <span class='ocrx_word' id='word_1_57' title='bbox 751 1240 953 1310; x_wconf 84' lang='lat' dir='ltr'><strong>novissime</strong></span> <span class='ocrx_word' id='word_1_58' title='bbox 970 1239 1195 1310; x_wconf 83' lang='lat' dir='ltr'><strong>accessisset.</strong></span> 
     </span>
    </p>

    <p class='ocr_par' dir='ltr' id='par_1_3' title="bbox 268 1355 1280 3696">
     <span class='ocr_line' id='line_1_9' title="bbox 333 1355 1278 1455; baseline -0.005 -25"><span class='ocrx_word' id='word_1_59' title='bbox 333 1359 368 1430; x_wconf 87' lang='grc'><strong>6.</strong></span> <span class='ocrx_word' id='word_1_60' title='bbox 392 1360 547 1431; x_wconf 75' lang='lat' dir='ltr'><strong>iuvenis</strong></span> <span class='ocrx_word' id='word_1_61' title='bbox 574 1359 795 1430; x_wconf 78' lang='lat' dir='ltr'><strong>annositati</strong></span> <span class='ocrx_word' id='word_1_62' title='bbox 818 1357 951 1455; x_wconf 82' lang='lat' dir='ltr'><strong>viginti</strong></span> <span class='ocrx_word' id='word_1_63' title='bbox 978 1371 1078 1444; x_wconf 78' lang='lat' dir='ltr'><strong>trec,</strong></span> <span class='ocrx_word' id='word_1_64' title='bbox 1106 1355 1278 1428; x_wconf 80' lang='lat' dir='ltr'>abdomen</span> 
     </span>
     <span class='ocr_line' id='line_1_10' title="bbox 286 1475 1277 1574; baseline -0.006 -24"><span class='ocrx_word' id='word_1_65' title='bbox 286 1479 475 1550; x_wconf 83' lang='lat' dir='ltr'><strong>sauciatur</strong></span> <span class='ocrx_word' id='word_1_66' title='bbox 514 1475 715 1547; x_wconf 86' lang='lat' dir='ltr'><strong>intervallo</strong></span> <span class='ocrx_word' id='word_1_67' title='bbox 754 1475 959 1574; x_wconf 86' lang='lat' dir='ltr'>digitorum</span> <span class='ocrx_word' id='word_1_68' title='bbox 993 1490 1277 1548; x_wconf 87' lang='lat' dir='ltr'><strong>transversomn</strong></span> 
     </span>
     <span class='ocr_line' id='line_1_11' title="bbox 285 1591 1276 1690; baseline -0.007 -25"><span class='ocrx_word' id='word_1_69' title='bbox 285 1607 451 1690; x_wconf 87' lang='lat' dir='ltr'><strong>quatuor</strong></span> <span class='ocrx_word' id='word_1_70' title='bbox 469 1591 567 1664; x_wconf 82' lang='lat' dir='ltr'><strong>infra</strong></span> <span class='ocrx_word' id='word_1_71' title='bbox 579 1592 816 1665; x_wconf 87' lang='lat' dir='ltr'><strong>umbilicum.</strong></span> <span class='ocrx_word' id='word_1_72' title='bbox 845 1594 1104 1690; x_wconf 80' lang='lat' dir='ltr'><strong>Consequitur</strong></span> <span class='ocrx_word' id='word_1_73' title='bbox 1122 1595 1276 1664; x_wconf 81' lang='lat' dir='ltr'><strong>vomitus.</strong></span> 
     </span>
     <span class='ocr_line' id='line_1_12' title="bbox 284 1709 1278 1810; baseline -0.005 -26"><span class='ocrx_word' id='word_1_74' title='bbox 284 1715 337 1784; x_wconf 82' lang='lat' dir='ltr'><strong>Er</strong></span> <span class='ocrx_word' id='word_1_75' title='bbox 357 1709 513 1783; x_wconf 87' lang='lat' dir='ltr'><strong>vulnere</strong></span> <span class='ocrx_word' id='word_1_76' title='bbox 526 1709 602 1783; x_wconf 81' lang='lat' dir='ltr'><strong>exit</strong></span> <span class='ocrx_word' id='word_1_77' title='bbox 620 1713 763 1782; x_wconf 86' lang='lat' dir='ltr'><strong>omenti</strong></span> <span class='ocrx_word' id='word_1_78' title='bbox 778 1713 924 1810; x_wconf 80' lang='lat' dir='ltr'><strong>portio,</strong></span> <span class='ocrx_word' id='word_1_79' title='bbox 941 1735 1023 1808; x_wconf 83' lang='lat' dir='ltr'><strong>quae</strong></span> <span class='ocrx_word' id='word_1_80' title='bbox 1039 1712 1143 1782; x_wconf 86' lang='lat' dir='ltr'><strong>intra</strong></span> <span class='ocrx_word' id='word_1_81' title='bbox 1152 1712 1278 1808; x_wconf 83' lang='lat' dir='ltr'><strong>aliquot</strong></span> 
     </span>
     <span class='ocr_line' id='line_1_13' title="bbox 281 1827 1277 1918; baseline -0.003 -17"><span class='ocrx_word' id='word_1_82' title='bbox 281 1828 363 1902; x_wconf 86' lang='lat' dir='ltr'><strong>dies</strong></span> <span class='ocrx_word' id='word_1_83' title='bbox 376 1827 471 1900; x_wconf 88' lang='lat' dir='ltr'><strong>adeo</strong></span> <span class='ocrx_word' id='word_1_84' title='bbox 489 1829 637 1918; x_wconf 84' lang='lat' dir='ltr'><strong>colore,</strong></span> <span class='ocrx_word' id='word_1_85' title='bbox 655 1845 692 1902; x_wconf 89' lang='lat' dir='ltr'><strong>et</strong></span> <span class='ocrx_word' id='word_1_86' title='bbox 708 1829 842 1900; x_wconf 86' lang='lat' dir='ltr'><strong>habitu</strong></span> <span class='ocrx_word' id='word_1_87' title='bbox 859 1843 1112 1912; x_wconf 74' lang='lat' dir='ltr'><strong>montescot,</strong></span> <span class='ocrx_word' id='word_1_88' title='bbox 1131 1845 1175 1901; x_wconf 91' lang='lat' dir='ltr'><strong>ut</strong></span> <span class='ocrx_word' id='word_1_89' title='bbox 1191 1852 1277 1900; x_wconf 89' lang='lat' dir='ltr'><strong>com·</strong></span> 
     </span>
     <span class='ocr_line' id='line_1_14' title="bbox 283 1943 1280 2046; baseline -0.003 -27"><span class='ocrx_word' id='word_1_90' title='bbox 283 1963 438 2046; x_wconf 83' lang='lat' dir='ltr'><strong>pactam</strong></span> <span class='ocrx_word' id='word_1_91' title='bbox 448 1967 599 2018; x_wconf 87' lang='lat' dir='ltr'><strong>carnem</strong></span> <span class='ocrx_word' id='word_1_92' title='bbox 619 1943 787 2020; x_wconf 64' lang='lat' dir='ltr'><strong>referret,</strong></span> <span class='ocrx_word' id='word_1_93' title='bbox 805 1945 913 2018; x_wconf 83' lang='lat' dir='ltr'><strong>Brevi</strong></span> <span class='ocrx_word' id='word_1_94' title='bbox 927 1960 1014 2045; x_wconf 85' lang='lat' dir='ltr'><strong>post</strong></span> <span class='ocrx_word' id='word_1_95' title='bbox 1025 1946 1168 2018; x_wconf 85' lang='lat' dir='ltr'><strong>vulnus</strong></span> <span class='ocrx_word' id='word_1_96' title='bbox 1181 1945 1280 2017; x_wconf 85' lang='lat' dir='ltr'><strong>inilic-</strong></span> 
     </span>
     <span class='ocr_line' id='line_1_15' title="bbox 283 2063 1277 2163; baseline -0.004 -27"><span class='ocrx_word' id='word_1_97' title='bbox 283 2079 365 2136; x_wconf 89' lang='lat' dir='ltr'><strong>tum</strong></span> <span class='ocrx_word' id='word_1_98' title='bbox 382 2065 707 2163; x_wconf 87' lang='lat' dir='ltr'><strong>temporeaccedit</strong></span> <span class='ocrx_word' id='word_1_99' title='bbox 721 2063 921 2136; x_wconf 77' lang='lat' dir='ltr'><strong>diarrhoea.</strong></span> <span class='ocrx_word' id='word_1_100' title='bbox 937 2069 1084 2136; x_wconf 84' lang='lat' dir='ltr'><strong>Interea</strong></span> <span class='ocrx_word' id='word_1_101' title='bbox 1103 2064 1277 2137; x_wconf 85' lang='lat' dir='ltr'><strong>abdomen</strong></span> 
     </span>
     <span class='ocr_line' id='line_1_16' title="bbox 283 2183 1277 2280; baseline 0 -28"><span class='ocrx_word' id='word_1_102' title='bbox 283 2183 493 2254; x_wconf 83' lang='lat' dir='ltr'><strong>naturalem</strong></span> <span class='ocrx_word' id='word_1_103' title='bbox 512 2197 634 2254; x_wconf 85' lang='lat' dir='ltr'><strong>servat</strong></span> <span class='ocrx_word' id='word_1_104' title='bbox 648 2184 980 2265; x_wconf 87' lang='lat' dir='ltr'><strong>constitutionem,</strong></span> <span class='ocrx_word' id='word_1_105' title='bbox 1000 2183 1031 2254; x_wconf 90' lang='lat' dir='ltr'><strong>si</strong></span> <span class='ocrx_word' id='word_1_106' title='bbox 1056 2199 1205 2280; x_wconf 83' lang='lat' dir='ltr'><strong>partem</strong></span> <span class='ocrx_word' id='word_1_107' title='bbox 1227 2207 1277 2254; x_wconf 88' lang='lat' dir='ltr'><strong>su·</strong></span> 
     </span>
     <span class='ocr_line' id='line_1_17' title="bbox 268 2297 1278 2399; baseline -0.002 -27"><span class='ocrx_word' id='word_1_108' title='bbox 268 2301 492 2397; x_wconf 80' lang='lat' dir='ltr'><strong>perierem,</strong></span> <span class='ocrx_word' id='word_1_109' title='bbox 516 2297 729 2372; x_wconf 83' lang='lat' dir='ltr'><strong>ventriculo</strong></span> <span class='ocrx_word' id='word_1_110' title='bbox 761 2301 1076 2399; x_wconf 83' lang='lat' dir='ltr'><strong>respondentem,</strong></span> <span class='ocrx_word' id='word_1_111' title='bbox 1111 2302 1278 2399; x_wconf 83' lang='lat' dir='ltr'><strong>excipias,</strong></span> 
     </span>
     <span class='ocr_line' id='line_1_18' title="bbox 284 2418 1278 2514; baseline 0.001 -26"><span class='ocrx_word' id='word_1_112' title='bbox 284 2439 368 2514; x_wconf 84' lang='lat' dir='ltr'><strong>quae</strong></span> <span class='ocrx_word' id='word_1_113' title='bbox 391 2418 523 2490; x_wconf 83' lang='lat' dir='ltr'><strong>leviter</strong></span> <span class='ocrx_word' id='word_1_114' title='bbox 545 2420 774 2501; x_wconf 72' lang='lat' dir='ltr'><strong>intumescit.</strong></span> <span class='ocrx_word' id='word_1_115' title='bbox 811 2419 876 2491; x_wconf 86' lang='lat' dir='ltr'><strong>His</strong></span> <span class='ocrx_word' id='word_1_116' title='bbox 902 2418 1039 2490; x_wconf 85' lang='lat' dir='ltr'><strong>deiude</strong></span> <span class='ocrx_word' id='word_1_117' title='bbox 1071 2421 1227 2490; x_wconf 86' lang='lat' dir='ltr'><strong>comites</strong></span> <span class='ocrx_word' id='word_1_118' title='bbox 1248 2440 1278 2488; x_wconf 83' lang='lat' dir='ltr'><strong>sc</strong></span> 
     </span>
     <span class='ocr_line' id='line_1_19' title="bbox 283 2533 1277 2633; baseline -0.003 -28"><span class='ocrx_word' id='word_1_119' title='bbox 283 2533 428 2606; x_wconf 84' lang='lat' dir='ltr'><strong>addunt</strong></span> <span class='ocrx_word' id='word_1_120' title='bbox 444 2535 612 2633; x_wconf 89' lang='lat' dir='ltr'><strong>spirandi</strong></span> <span class='ocrx_word' id='word_1_121' title='bbox 630 2533 850 2625; x_wconf 88' lang='lat' dir='ltr'><strong>difficultas,</strong></span> <span class='ocrx_word' id='word_1_122' title='bbox 877 2552 915 2608; x_wconf 85' lang='lat' dir='ltr'><strong>et</strong></span> <span class='ocrx_word' id='word_1_123' title='bbox 934 2538 1044 2608; x_wconf 87' lang='lat' dir='ltr'><strong>tussis</strong></span> <span class='ocrx_word' id='word_1_124' title='bbox 1063 2538 1277 2610; x_wconf 87' lang='lat' dir='ltr'><strong>creberrima</strong></span> 
     </span>
     <span class='ocr_line' id='line_1_20' title="bbox 284 2651 1276 2752; baseline 0.001 -30"><span class='ocrx_word' id='word_1_125' title='bbox 284 2673 371 2722; x_wconf 91' lang='lat' dir='ltr'><strong>cum</strong></span> <span class='ocrx_word' id='word_1_126' title='bbox 386 2651 596 2748; x_wconf 85' lang='lat' dir='ltr'><strong>purulentae</strong></span> <span class='ocrx_word' id='word_1_127' title='bbox 618 2654 782 2724; x_wconf 75' lang='lat' dir='ltr'><strong>materie</strong></span> <span class='ocrx_word' id='word_1_128' title='bbox 806 2654 1133 2752; x_wconf 79' lang='lat' dir='ltr'><strong>expectoratione,</strong></span> <span class='ocrx_word' id='word_1_129' title='bbox 1161 2671 1196 2727; x_wconf 88' lang='lat' dir='ltr'><strong>et</strong></span> <span class='ocrx_word' id='word_1_130' title='bbox 1211 2677 1276 2725; x_wconf 90' lang='lat' dir='ltr'><strong>mo·</strong></span> 
     </span>
     <span class='ocr_line' id='line_1_21' title="bbox 281 2767 1277 2870; baseline 0.002 -32"><span class='ocrx_word' id='word_1_131' title='bbox 281 2767 481 2840; x_wconf 88' lang='lat' dir='ltr'><strong>lestissimo</strong></span> <span class='ocrx_word' id='word_1_132' title='bbox 493 2770 534 2839; x_wconf 89' lang='lat' dir='ltr'><strong>in</strong></span> <span class='ocrx_word' id='word_1_133' title='bbox 551 2769 704 2843; x_wconf 87' lang='lat' dir='ltr'><strong>dextera</strong></span> <span class='ocrx_word' id='word_1_134' title='bbox 721 2771 887 2844; x_wconf 85' lang='lat' dir='ltr'><strong>thoracis</strong></span> <span class='ocrx_word' id='word_1_135' title='bbox 909 2787 1014 2870; x_wconf 86' lang='lat' dir='ltr'><strong>parte</strong></span> <span class='ocrx_word' id='word_1_136' title='bbox 1039 2773 1187 2846; x_wconf 88' lang='lat' dir='ltr'><strong>dolore.</strong></span> <span class='ocrx_word' id='word_1_137' title='bbox 1202 2771 1277 2864; x_wconf 88' lang='lat' dir='ltr'><strong>Qui·</strong></span> 
     </span>
     <span class='ocr_line' id='line_1_22' title="bbox 283 2884 1277 2988; baseline -0.001 -30"><span class='ocrx_word' id='word_1_138' title='bbox 283 2884 357 2959; x_wconf 87' lang='lat' dir='ltr'><strong>bus</strong></span> <span class='ocrx_word' id='word_1_139' title='bbox 381 2889 618 2962; x_wconf 83' lang='lat' dir='ltr'><strong>excruciatus</strong></span> <span class='ocrx_word' id='word_1_140' title='bbox 642 2913 739 2988; x_wconf 78' lang='lat' dir='ltr'><strong>ager</strong></span> <span class='ocrx_word' id='word_1_141' title='bbox 769 2891 923 2962; x_wconf 83' lang='lat' dir='ltr'><strong>tandem</strong></span> <span class='ocrx_word' id='word_1_142' title='bbox 949 2893 1125 2963; x_wconf 88' lang='lat' dir='ltr'><strong>moritur.</strong></span> <span class='ocrx_word' id='word_1_143' title='bbox 1153 2897 1277 2964; x_wconf 84' lang='lat' dir='ltr'><strong>Venter</strong></span> 
     </span>
     <span class='ocr_line' id='line_1_23' title="bbox 281 3001 1276 3106; baseline 0.005 -34"><span class='ocrx_word' id='word_1_144' title='bbox 281 3004 452 3079; x_wconf 84' lang='lat' dir='ltr'><strong>reclusus</strong></span> <span class='ocrx_word' id='word_1_145' title='bbox 471 3001 616 3076; x_wconf 87' lang='lat' dir='ltr'><strong>nullam</strong></span> <span class='ocrx_word' id='word_1_146' title='bbox 640 3008 766 3105; x_wconf 90' lang='lat' dir='ltr'><strong>primo</strong></span> <span class='ocrx_word' id='word_1_147' title='bbox 795 3011 950 3106; x_wconf 77' lang='lat' dir='ltr'><strong>aspectu</strong></span> <span class='ocrx_word' id='word_1_148' title='bbox 978 3009 1148 3082; x_wconf 84' lang='lat' dir='ltr'><strong>ostendit</strong></span> <span class='ocrx_word' id='word_1_149' title='bbox 1173 3009 1276 3080; x_wconf 84' lang='lat' dir='ltr'><strong>laesio·</strong></span> 
     </span>
     <span class='ocr_line' id='line_1_24' title="bbox 282 3122 1276 3225; baseline 0.001 -33"><span class='ocrx_word' id='word_1_150' title='bbox 282 3145 383 3193; x_wconf 90' lang='lat' dir='ltr'><strong>nem.</strong></span> <span class='ocrx_word' id='word_1_151' title='bbox 417 3122 489 3194; x_wconf 91' lang='lat' dir='ltr'><strong>Sed</strong></span> <span class='ocrx_word' id='word_1_152' title='bbox 520 3149 609 3194; x_wconf 88' lang='lat' dir='ltr'><strong>mox</strong></span> <span class='ocrx_word' id='word_1_153' title='bbox 632 3125 837 3222; x_wconf 85' lang='lat' dir='ltr'><strong>quaerendo</strong></span> <span class='ocrx_word' id='word_1_154' title='bbox 869 3127 1071 3225; x_wconf 87' lang='lat' dir='ltr'><strong>purulenta</strong></span> <span class='ocrx_word' id='word_1_155' title='bbox 1096 3127 1276 3198; x_wconf 75' lang='lat' dir='ltr'><strong>invenitur</strong></span> 
     </span>
     <span class='ocr_line' id='line_1_25' title="bbox 281 3239 1273 3342; baseline 0.003 -36"><span class='ocrx_word' id='word_1_156' title='bbox 281 3239 453 3328; x_wconf 85' lang='lat' dir='ltr'><strong>materia,</strong></span> <span class='ocrx_word' id='word_1_157' title='bbox 468 3263 550 3337; x_wconf 89' lang='lat' dir='ltr'><strong>quae</strong></span> <span class='ocrx_word' id='word_1_158' title='bbox 571 3266 593 3312; x_wconf 83' lang='lat' dir='ltr'><strong>a</strong></span> <span class='ocrx_word' id='word_1_159' title='bbox 611 3241 752 3316; x_wconf 83' lang='lat' dir='ltr'><strong>dextris</strong></span> <span class='ocrx_word' id='word_1_160' title='bbox 767 3245 867 3315; x_wconf 73' lang='lat' dir='ltr'><strong>into&#39;r</strong></span> <span class='ocrx_word' id='word_1_161' title='bbox 883 3246 1119 3333; x_wconf 87' lang='lat' dir='ltr'><strong>mesenterii,</strong></span> <span class='ocrx_word' id='word_1_162' title='bbox 1134 3255 1172 3316; x_wconf 86' lang='lat' dir='ltr'><strong>et</strong></span> <span class='ocrx_word' id='word_1_163' title='bbox 1189 3243 1273 3342; x_wconf 84' lang='lat' dir='ltr'><strong>peri-</strong></span> 
     </span>
     <span class='ocr_line' id='line_1_26' title="bbox 280 3353 1273 3450; baseline 0 -24"><span class='ocrx_word' id='word_1_164' title='bbox 280 3353 392 3426; x_wconf 81' lang='lat' dir='ltr'><strong>tonaei</strong></span> <span class='ocrx_word' id='word_1_165' title='bbox 412 3357 670 3450; x_wconf 87' lang='lat' dir='ltr'><strong>membranas,</strong></span> <span class='ocrx_word' id='word_1_166' title='bbox 689 3383 768 3432; x_wconf 93' lang='lat' dir='ltr'><strong>non</strong></span> <span class='ocrx_word' id='word_1_167' title='bbox 794 3385 901 3434; x_wconf 88' lang='lat' dir='ltr'><strong>secus</strong></span> <span class='ocrx_word' id='word_1_168' title='bbox 922 3387 967 3434; x_wconf 89' lang='lat' dir='ltr'><strong>ac</strong></span> <span class='ocrx_word' id='word_1_169' title='bbox 997 3366 1029 3433; x_wconf 91' lang='lat' dir='ltr'><strong>si</strong></span> <span class='ocrx_word' id='word_1_170' title='bbox 1051 3364 1091 3432; x_wconf 89' lang='lat' dir='ltr'><strong>in</strong></span> <span class='ocrx_word' id='word_1_171' title='bbox 1117 3359 1273 3432; x_wconf 86' lang='lat' dir='ltr'><strong>folliculo</strong></span> 
     </span>
     <span class='ocr_line' id='line_1_27' title="bbox 280 3475 1272 3578; baseline 0 -34"><span class='ocrx_word' id='word_1_172' title='bbox 280 3475 560 3566; x_wconf 82' lang='lat' dir='ltr'><strong>contineretur,</strong></span> <span class='ocrx_word' id='word_1_173' title='bbox 580 3479 783 3578; x_wconf 83' lang='lat' dir='ltr'><strong>stagnabat.</strong></span> <span class='ocrx_word' id='word_1_174' title='bbox 805 3487 889 3552; x_wconf 85' lang='lat' dir='ltr'><strong>Haec</strong></span> <span class='ocrx_word' id='word_1_175' title='bbox 903 3479 951 3552; x_wconf 86' lang='lat' dir='ltr'><strong>ab</strong></span> <span class='ocrx_word' id='word_1_176' title='bbox 969 3481 1048 3551; x_wconf 90' lang='lat' dir='ltr'><strong>imo</strong></span> <span class='ocrx_word' id='word_1_177' title='bbox 1064 3481 1208 3553; x_wconf 74' lang='lat' dir='ltr'><strong>ventris</strong></span> <span class='ocrx_word' id='word_1_178' title='bbox 1220 3498 1272 3546; x_wconf 84' lang='lat' dir='ltr'><strong>us·</strong></span> 
     </span>
     <span class='ocr_line' id='line_1_28' title="bbox 281 3593 1270 3696; baseline -0.001 -33"><span class='ocrx_word' id='word_1_179' title='bbox 281 3615 356 3689; x_wconf 86' lang='lat' dir='ltr'><strong>que</strong></span> <span class='ocrx_word' id='word_1_180' title='bbox 384 3593 431 3664; x_wconf 92' lang='lat' dir='ltr'><strong>ad</strong></span> <span class='ocrx_word' id='word_1_181' title='bbox 449 3595 693 3695; x_wconf 85' lang='lat' dir='ltr'><strong>diaphragma</strong></span> <span class='ocrx_word' id='word_1_182' title='bbox 713 3598 784 3670; x_wconf 92' lang='lat' dir='ltr'><strong>sub</strong></span> <span class='ocrx_word' id='word_1_183' title='bbox 803 3599 973 3696; x_wconf 86' lang='lat' dir='ltr'><strong>jecinore</strong></span> <span class='ocrx_word' id='word_1_184' title='bbox 990 3621 1028 3672; x_wconf 83' lang='lat' dir='ltr'><strong>se</strong></span> <span class='ocrx_word' id='word_1_185' title='bbox 1045 3596 1270 3670; x_wconf 83' lang='lat' dir='ltr'><strong>extendebat.</strong></span> 
     </span>
    </p>
   </div>
   <div class='ocr_carea' id='block_1_3' title="bbox 318 3937 955 4045">
    <p class='ocr_par' dir='ltr' id='par_1_4' title="bbox 318 3937 955 4045">
     <span class='ocr_line' id='line_1_29' title="bbox 318 3937 955 4045; baseline 0.016 -22"><span class='ocrx_word' id='word_1_186' title='bbox 318 3963 360 4045; x_wconf 81' lang='grc' dir='ltr'><strong>(ι)</strong></span> <span class='ocrx_word' id='word_1_187' title='bbox 381 3971 573 4029; x_wconf 79' lang='lat' dir='ltr'><strong>lnAdditam.</strong></span> <span class='ocrx_word' id='word_1_188' title='bbox 587 3941 652 4030; x_wconf 67' lang='lat' dir='ltr'><strong>obs.</strong></span> <span class='ocrx_word' id='word_1_189' title='bbox 667 3981 683 4042; x_wconf 73' lang='lat' dir='ltr'><strong>l,</strong></span> <span class='ocrx_word' id='word_1_190' title='bbox 692 4015 701 4044; x_wconf 92' lang='lat'>‚</span> <span class='ocrx_word' id='word_1_191' title='bbox 718 3985 795 4031; x_wconf 86' lang='lat' dir='ltr'><strong>cum.</strong></span> <span class='ocrx_word' id='word_1_192' title='bbox 809 3974 901 4032; x_wconf 80' lang='lat' dir='ltr'><strong>schol</strong></span> <span class='ocrx_word' id='word_1_193' title='bbox 953 3937 955 3940; x_wconf 12' lang='lat' dir='ltr'>v</span> 
     </span>
    </p>
   </div>
   <div class='ocr_carea' id='block_1_4' title="bbox 0 0 1412 5282">
    <p class='ocr_par' dir='ltr' id='par_1_5' title="bbox 0 0 1412 5282">
     <span class='ocr_line' id='line_1_30' title="bbox 0 0 1412 5282; baseline 0 0"><span class='ocrx_word' id='word_1_194' title='bbox 0 0 1412 5282; x_wconf 95' lang='lat' dir='ltr'><strong> </strong></span> 
     </span>
    </p>
   </div>
  </div>
 </body>
</html>
