2828 4652
121 403 187 452 rna.
197 401 244 448 1v.
255 390 303 447 ne
313 387 745 462 uonmscmame.‚.etc.
755 397 866 447 misr.
876 399 972 449 xnrx.
1004 381 1071 479 173

78 513 311 617 quibuslibet.
333 511 472 583 Prioris
489 509 590 582 illius
609 507 836 584 difficultatis
859 516 1074 615 exemplum

78 633 225 706 habebis
242 656 286 702 ex
308 633 496 726 Cowpero
531 628 565 726 (1
573 647 586 720 )
614 628 680 726 qui
699 627 738 698 in
763 629 965 724 juvencula
992 649 1074 707 toto

79 775 229 850 corpore
249 772 317 848 per
338 769 453 845 quarn
480 745 679 817 macilenta
703 745 797 818 duas
817 771 864 818 ex
875 748 948 822 illis
971 751 1076 849 glan-

80 868 168 940 dulis
182 866 325 964 invenit
337 887 420 962 quae
437 877 584 933 tumore
600 885 669 933 suo
683 860 782 958 chyli
792 867 1077 963 receptaculum

81 981 382 1084 comprimebant.
407 975 647 1051 Difficultatis
665 979 839 1050 secundae
860 986 1077 1082 exemplum

81 1103 173 1176 dabit
188 1093 230 1174 cl.
252 1105 445 1171 Fantonus
461 1098 535 1195 (a),
558 1098 625 1194 qui
646 1098 685 1167 in
705 1099 806 1187 vir0,
825 1099 926 1172 lenta
944 1101 1078 1176 lebria

82 1222 196 1293 multis
214 1220 293 1317 jam
317 1215 511 1288 mensibus
539 1213 717 1304 detento,
746 1213 900 1314 chylum
923 1221 963 1290 in
981 1223 1079 1294 vasis

81 1337 197 1412 lacteis
214 1336 332 1436 primi
357 1333 539 1409 duntaxat
562 1335 709 1432 generis
734 1333 1001 1432 deprehendit,
1017 1365 1079 1412 re-

82 1471 241 1528 morante
266 1453 441 1526 videlicet
464 1451 725 1524 obstructione
744 1453 1009 1551 glandularum
1032 1457 1081 1530 ad

84 1599 167 1671 quas
193 1597 282 1646 vasa
304 1571 369 1642 illa
388 1567 640 1668 appellebant.
660 1571 790 1641 Tertiae
809 1593 900 1644 vero
919 1572 1081 1648 difficul-

83 1693 158 1763 tatis
173 1689 475 1776 observationes,
488 1711 582 1785 quas
597 1711 684 1758 cum
704 1687 849 1762 duabus
861 1691 934 1764 illis
953 1695 1082 1792 Sepul-

84 1807 202 1881 chreto
215 1805 351 1894 addas,
372 1805 589 1904 complures
601 1823 814 1880 occurrent.
827 1811 921 1881 Nam
934 1812 993 1883 vel
1004 1813 1082 1886 sola

85 1951 157 2025 qua
183 1941 268 2026 post
294 1924 466 1996 ultimam
495 1925 576 2020 ejus
602 1923 810 1997 editionem
835 1927 1081 2024 prodierunt,

86 2047 242 2121 cesaree
259 2041 466 2116 Academiae
484 2041 679 2112 volumina
702 2041 957 2140 haudtpaucas
977 2049 1084 2119 exhi·

85 2159 182 2253 beot,
195 2158 468 2260 glandularum
494 2157 669 2230 videlicet
689 2167 900 2232 anesenterii
918 2164 1085 2238 totaliter

86 2279 366 2366 obstructurum,
394 2270 612 2348 tumentium
626 2276 704 2374 (3),
729 2284 896 2351 ninnium
912 2279 1084 2379 glauciu·

87 2395 196 2470 larum
227 2399 439 2468 mesenterii
462 2419 540 2464 una
558 2418 640 2464 cum
662 2412 871 2494 pancreate
903 2403 1085 2492 infarctu-

87 2537 158 2586 rum
170 2516 241 2613 (Δ),
260 2517 474 2586 mesenterii
486 2511 682 2610 glandulis
705 2513 855 2586 tumidis
868 2518 999 2608 refem
1013 2519 1085 2617 (5),

86 2637 286 2706 mesenterii
303 2625 385 2704 curn
403 2627 594 2728 glandulis
611 2627 776 2728 undique
793 2633 990 2708 skirrbosis
1006 2637 1082 2734 (6),

89 2751 295 2824 mesenterii
329 2772 414 2820 cum
449 2753 551 2820 vasis
579 2746 739 2842 cbylosis
775 2751 972 2823 obstructis
1000 2756 1088 2828 binc

89 2865 166 2938 inde
183 2869 255 2968 (7),
270 2882 308 2939 et
325 2865 393 2938 bas
412 2863 567 2962 quidem
588 2865 870 2941 observationes
887 2868 1034 2945 habitas
1047 2875 1088 2946 in

125 3243 165 3324 (1)
180 3246 250 3305 via
260 3250 329 3304 Act.
343 3246 428 3303 erud.
442 3245 525 3322 Lipa.
538 3264 588 3304 aa.
603 3247 732 3324 1699,m.
744 3248 819 3306 febr.
833 3249 872 3307 ad
881 3249 943 3307 tab.
954 3251 1091 3328 Conperi

92 3341 124 3412 tt

126 3441 165 3522 (a)
186 3447 275 3502 Anat.
294 3463 377 3520 corp.
396 3441 479 3502 hum.
492 3444 564 3502 diss.
581 3442 607 3501 5.

126 3543 167 3622 (3)
189 3547 261 3603 Dec.
278 3545 311 3616 3,
325 3563 375 3606 an.
389 3565 408 3622 9
421 3557 450 3602 et
466 3565 515 3616 ao,
532 3545 598 3603 obs.
614 3545 682 3604 218.

126 3642 168 3719 (l)
189 3647 275 3703 Ceut.
291 3646 350 3702 bet
364 3653 398 3716 4,
412 3646 476 3702 obs.
495 3663 575 3721 ¹¹9·'

58 3733 63 3744 ⁸
127 3741 170 3821 (5)
190 3749 257 3802 Act.
278 3756 348 3802 tom.
368 3763 398 3818 1,
412 3746 478 3802 obs.
493 3743 542 3820 59.

128 3838 168 3920 (6)
190 3845 333 3901 Eorumd.
350 3857 422 3905 tom.
439 3843 649 3916 4‚obs.1l,6.·

130 3939 170 4020 (7)
191 3945 336 4004 Eorumd.
354 3956 377 4003 t.
391 3947 423 4020 8,
442 3945 559 4019 observ.
577 3943 642 4004 125.
