2946 4662
959 297 976 354 l

202 418 745 482 ma.1v.urnonmscumuao.,
763 409 830 465 etc.
851 418 962 466 emsr.
979 419 1058 466 mu.
1086 401 1155 494 497

159 533 276 604 vires:
292 533 420 630 itaque
447 533 488 602 in
513 521 554 602 ss
570 532 694 602 Mariae
719 531 766 602 de
794 533 868 600 vita
897 533 1161 602 nosocomium

164 649 340 722 defertur.
360 649 542 722 Postridie
562 648 644 720 dira
662 649 754 721 tussi
767 650 893 720 vexari
910 650 1044 746 coepit,
1064 649 1164 720 diar-

161 767 268 840 rhoea
287 793 453 865 quoquc.
471 766 544 838 Sed
564 765 664 854 haec,
692 765 827 838 crebro
840 764 1014 864 quidem,
1032 791 1164 837 verum

162 911 288 984 paucae
315 884 461 956 viscidae
487 885 648 955 materia
680 885 935 955 excretionem
961 885 1082 967 ciens,
1106 883 1167 956 die

164 1016 268 1076 sexto
288 999 407 1073 desiit.
433 1003 480 1072 At
501 1001 613 1072 tussis
634 1001 674 1070 in
699 999 777 1072 dies
793 1002 844 1072 ita
877 1000 1105 1098 augebatur,
1124 1015 1168 1072 ut

163 1118 254 1191 ferri
283 1119 344 1190 rix
365 1133 499 1217 posset.
529 1118 709 1215 Aprimis
738 1119 849 1188 etiam
878 1117 1012 1190 diebus
1037 1141 1167 1190 sensus

165 1252 243 1308 erat
263 1237 425 1334 ingentis
442 1237 481 1306 iu
499 1250 632 1306 ventre
653 1233 851 1332 ponderis,
867 1235 935 1332 qui
953 1260 991 1306 se
1014 1260 1168 1333 progre-

164 1354 291 1426 diente
309 1352 464 1438 morb0,
478 1377 547 1450 per
557 1367 677 1424 totum
690 1367 861 1424 ventrem
879 1351 1064 1440 extendit,
1081 1353 1168 1424 nul-

164 1471 224 1543 lus
239 1472 418 1542 tamenin
437 1469 603 1542 thorace.
618 1471 751 1542 Primis
764 1493 918 1566 quoque
932 1469 1067 1542 diebus
1082 1471 1169 1569 pul-

165 1613 226 1660 sus
245 1587 421 1660 nonnihil
439 1586 632 1686 turgidus,
650 1586 890 1658 mediocriter
907 1603 1031 1658 autem
1052 1590 1167 1676 celer,

163 1705 263 1780 hanc
282 1704 436 1804 quidem
453 1720 582 1802 postea
603 1705 830 1776 celeritatem
851 1706 1033 1794 servavit3
1051 1706 1170 1778 sedin

163 1823 243 1896 dies
258 1847 396 1921 parvus
414 1822 558 1919 magis,
575 1823 768 1918 magisque
782 1819 921 1912 factus,
940 1839 1072 1894 octavo
1085 1839 1168 1896 tan-

167 1941 255 2012 dem
271 1938 331 2010 die
344 1939 481 2012 sensim
503 1961 590 2012 cum
608 1938 683 2008 vita
698 1935 844 2010 defecit.
864 1942 907 2008 In
930 1939 1108 2015 cadavere
1122 1941 1170 2010 ad

166 2058 329 2155 primam
349 2079 370 2126 a
386 2053 542 2126 dextero
559 2055 675 2128 sterni
686 2053 800 2135 latere
820 2056 1063 2145 incisionem,
1085 2082 1170 2128 san·

167 2174 250 2272 guis
276 2171 378 2242 illico
405 2171 473 2268 qui
492 2195 573 2242 eam
600 2168 766 2243 thoracis
791 2195 940 2242 caveam
967 2171 1169 2268 implebat,

163 2313 409 2388 magnorum
428 2289 574 2386 impetu
589 2287 772 2386 prosiluit.
793 2287 949 2360 Sublato
965 2305 1112 2377 stern0,
1132 2306 1170 2362 et

165 2408 349 2504 sanguine
374 2407 540 2505 spongiis
563 2404 763 2494 exhausto,
795 2429 916 2476 novus
941 2407 1078 2478 iterum
1103 2432 1171 2506 per

164 2523 432 2624 diaphragma,
452 2522 558 2620 quod
572 2523 739 2594 saucium
761 2538 857 2611 erat,
877 2549 922 2594 ex
941 2539 1071 2596 ventre
1087 2547 1171 2596 san-

168 2643 251 2740 guis
265 2643 305 2712 in
322 2639 493 2714 eamdem
511 2639 677 2712 thoracis
696 2665 846 2715 caveam
862 2639 1054 2715 influebat.
1075 2646 1173 2734 Qua·

166 2757 339 2830 mobrem
351 2774 522 2830 ventrem
535 2782 690 2856 quoque
703 2760 849 2856 aperire
859 2761 1041 2830 contiuuo
1057 2785 1171 2858 opor-

167 2877 254 2965 tuit,
268 2874 505 2973 effusumque
532 2876 630 2946 iutra
651 2877 775 2974 ipsum
791 2879 1011 2974 sanguinem
1032 2860 1170 2949 exhau-
1227 2881 1228 2886 ’

166 2995 268 3066 rire:
296 2994 404 3090 cujus
435 3006 621 3064 concretae
650 2990 777 3081 fibrae,
809 3017 877 3090 per
906 2995 1172 3066 intestinorum

169 3113 346 3183 extimam
366 3112 534 3182 tunicam
557 3109 597 3178 in
613 3109 703 3179 retis
717 3108 873 3180 modum
898 3109 1100 3206 disposita,
1119 3113 1171 3183 sic

168 3231 204 3302 ei
222 3229 356 3300 tunicae
379 3224 644 3314 adhaerebant,
660 3240 702 3296 ut
723 3225 899 3321 scalpello
918 3227 1096 3299 duntaxat
1115 3254 1172 3300 se-

166 3348 293 3446 parari
310 3359 473 3444 possent.
493 3347 625 3441 Itaque
646 3344 750 3443 omni
768 3343 950 3440 sanguine
969 3361 1115 3434 amoto,
1135 3362 1173 3418 et

134 3545 138 3552 ,
168 3461 375 3534 visceribus
393 3465 433 3532 in
457 3475 703 3560 conspectum
721 3458 836 3547 datis,
856 3459 903 3530 ad
925 3460 1090 3534 vulneris
1107 3489 1172 3534 ero-

166 3579 419 3680 plorationem
438 3577 601 3648 reditum
619 3593 684 3648 est.
705 3576 988 3666 Mediastinum,
1006 3582 1172 3677 primum

169 3700 343 3784 omnium
359 3695 507 3766 vulneri
520 3695 778 3793 respondem,
795 3696 962 3766 saucium
982 3711 1077 3785 erat,
1092 3712 1172 3768 tum

171 3811 447 3914 pericardium,
473 3810 639 3908 denique
664 3827 789 3911 partes
814 3811 957 3884 dexteri
977 3815 1178 3888 ventricufi

172 3927 316 4018 cordis,
335 3945 377 4001 ut
398 3930 493 4001 rima
512 3929 680 4002 vulneris
704 3933 803 4002 intra
822 3955 908 4002 eum
925 3934 1178 4007 ventriculum

251 4048 285 4119 6.
440 4075 443 4084 ’
967 4049 1011 4120 32
1143 4047 1145 4054 ’
