<?xml version="1.0" encoding="UTF-8"?>
<!DOCTYPE html PUBLIC "-//W3C//DTD XHTML 1.0 Transitional//EN"
    "http://www.w3.org/TR/xhtml1/DTD/xhtml1-transitional.dtd">
<html xmlns="http://www.w3.org/1999/xhtml" xml:lang="en" lang="en">
 <head>
  <title>
</title>
<meta http-equiv="Content-Type" content="text/html;charset=utf-8" />
  <meta name='ocr-system' content='tesseract 3.04.00' />
  <meta name='ocr-capabilities' content='ocr_page ocr_carea ocr_par ocr_line ocrx_word'/>
</head>
<body>
  <div class='ocr_page' id='page_1' title='image "./desedibusetcaus03adelgoog_0347.png"; bbox 0 0 2854 4660; ppageno 0'>
   <div class='ocr_carea' id='block_1_1' title="bbox 206 435 1135 523">
    <p class='ocr_par' dir='ltr' id='par_1_1' title="bbox 206 435 1135 523">
     <span class='ocr_line' id='line_1_1' title="bbox 206 435 1135 523; baseline 0.003 -20"><span class='ocrx_word' id='word_1_1' title='bbox 206 458 274 503; x_wconf 78' lang='lat' dir='ltr'><strong>mn.</strong></span> <span class='ocrx_word' id='word_1_2' title='bbox 290 456 339 502; x_wconf 81' lang='lat' dir='ltr'><strong>tv.</strong></span> <span class='ocrx_word' id='word_1_3' title='bbox 356 455 553 506; x_wconf 71' lang='lat' dir='ltr'><strong>nnmonnts</strong></span> <span class='ocrx_word' id='word_1_4' title='bbox 565 454 765 521; x_wconf 68' lang='lat' dir='ltr'><strong>curruum,</strong></span> <span class='ocrx_word' id='word_1_5' title='bbox 782 447 851 506; x_wconf 88' lang='lat' dir='ltr'><strong>etc.</strong></span> <span class='ocrx_word' id='word_1_6' title='bbox 863 457 975 507; x_wconf 72' lang='lat' dir='ltr'><strong>arist.</strong></span> <span class='ocrx_word' id='word_1_7' title='bbox 988 459 1035 506; x_wconf 80' lang='lat' dir='ltr'><strong>nr.</strong></span> <span class='ocrx_word' id='word_1_8' title='bbox 1064 435 1135 523; x_wconf 62' lang='lat'><strong>34!</strong></span> 
     </span>
    </p>
   </div>
   <div class='ocr_carea' id='block_1_2' title="bbox 29 553 1192 3854">
    <p class='ocr_par' dir='ltr' id='par_1_2' title="bbox 29 553 1192 3854">
     <span class='ocr_line' id='line_1_2' title="bbox 62 553 1141 673; baseline 0.006 -35"><span class='ocrx_word' id='word_1_9' title='bbox 62 629 69 638; x_wconf 68' lang='lat'><strong>„</strong></span> <span class='ocrx_word' id='word_1_10' title='bbox 130 575 207 644; x_wconf 82' lang='lat' dir='ltr'><strong>vita</strong></span> <span class='ocrx_word' id='word_1_11' title='bbox 225 573 428 643; x_wconf 89' lang='lat' dir='ltr'><strong>humorum</strong></span> <span class='ocrx_word' id='word_1_12' title='bbox 449 587 576 658; x_wconf 86' lang='lat' dir='ltr'><strong>motus</strong></span> <span class='ocrx_word' id='word_1_13' title='bbox 593 553 766 661; x_wconf 85' lang='lat' dir='ltr'><strong>desierit,</strong></span> <span class='ocrx_word' id='word_1_14' title='bbox 793 565 1141 673; x_wconf 51' lang='lat' dir='ltr'><strong>quidquam&#39;profi·</strong></span> 
     </span>
     <span class='ocr_line' id='line_1_3' title="bbox 131 691 1138 788; baseline 0.006 -28"><span class='ocrx_word' id='word_1_15' title='bbox 131 693 216 762; x_wconf 91' lang='lat' dir='ltr'><strong>ciet.</strong></span> <span class='ocrx_word' id='word_1_16' title='bbox 237 695 331 772; x_wconf 85' lang='lat' dir='ltr'><strong>Nam</strong></span> <span class='ocrx_word' id='word_1_17' title='bbox 346 705 595 788; x_wconf 66' lang='lat' dir='ltr'><strong>praeterquam</strong></span> <span class='ocrx_word' id='word_1_18' title='bbox 614 691 719 788; x_wconf 91' lang='lat' dir='ltr'><strong>quod</strong></span> <span class='ocrx_word' id='word_1_19' title='bbox 738 717 783 763; x_wconf 82' lang='lat' dir='ltr'><strong>ex</strong></span> <span class='ocrx_word' id='word_1_20' title='bbox 798 693 964 764; x_wconf 88' lang='lat' dir='ltr'><strong>secunda</strong></span> <span class='ocrx_word' id='word_1_21' title='bbox 981 694 1138 766; x_wconf 87' lang='lat' dir='ltr'><strong>historia</strong></span> 
     </span>
     <span class='ocr_line' id='line_1_4' title="bbox 131 807 1137 907; baseline 0.006 -29"><span class='ocrx_word' id='word_1_22' title='bbox 131 809 271 907; x_wconf 89' lang='lat' dir='ltr'><strong>liquet,</strong></span> <span class='ocrx_word' id='word_1_23' title='bbox 303 809 499 881; x_wconf 87' lang='lat' dir='ltr'><strong>hominem</strong></span> <span class='ocrx_word' id='word_1_24' title='bbox 531 807 732 880; x_wconf 79' lang='lat' dir='ltr'><strong>duodecim</strong></span> <span class='ocrx_word' id='word_1_25' title='bbox 769 813 918 882; x_wconf 79' lang='lat' dir='ltr'>circiter</span> <span class='ocrx_word' id='word_1_26' title='bbox 943 812 1068 904; x_wconf 80' lang='lat' dir='ltr'><strong>horas&#39;</strong></span> <span class='ocrx_word' id='word_1_27' title='bbox 1090 811 1137 883; x_wconf 89' lang='lat' dir='ltr'><strong>ab</strong></span> 
     </span>
     <span class='ocr_line' id='line_1_5' title="bbox 131 926 1192 1027; baseline 0.003 -30"><span class='ocrx_word' id='word_1_28' title='bbox 131 926 303 1000; x_wconf 82' lang='lat' dir='ltr'>allisione</span> <span class='ocrx_word' id='word_1_29' title='bbox 333 927 492 1016; x_wconf 78' lang='lat' dir='ltr'><strong>vixisse3</strong></span> <span class='ocrx_word' id='word_1_30' title='bbox 520 941 620 997; x_wconf 87' lang='lat' dir='ltr'><strong>certe</strong></span> <span class='ocrx_word' id='word_1_31' title='bbox 653 941 834 998; x_wconf 86' lang='lat' dir='ltr'><strong>neutrum</strong></span> <span class='ocrx_word' id='word_1_32' title='bbox 864 926 1021 1018; x_wconf 83' lang='lat' dir='ltr'><strong>effusio,</strong></span> <span class='ocrx_word' id='word_1_33' title='bbox 1058 953 1138 1027; x_wconf 84' lang='lat' dir='ltr'><strong>quae</strong></span> <span class='ocrx_word' id='word_1_34' title='bbox 1191 984 1192 988; x_wconf 16' lang='grc' dir='ltr'>η</span> 
     </span>
     <span class='ocr_line' id='line_1_6' title="bbox 131 1044 1140 1142; baseline 0.003 -28"><span class='ocrx_word' id='word_1_35' title='bbox 131 1045 237 1116; x_wconf 90' lang='lat' dir='ltr'><strong>nulla</strong></span> <span class='ocrx_word' id='word_1_36' title='bbox 248 1059 344 1134; x_wconf 89' lang='lat' dir='ltr'><strong>erat,</strong></span> <span class='ocrx_word' id='word_1_37' title='bbox 361 1044 510 1116; x_wconf 87' lang='lat' dir='ltr'><strong>occidit.</strong></span> <span class='ocrx_word' id='word_1_38' title='bbox 528 1045 613 1115; x_wconf 87' lang='lat' dir='ltr'><strong>Sola</strong></span> <span class='ocrx_word' id='word_1_39' title='bbox 623 1044 737 1142; x_wconf 88' lang='lat' dir='ltr'><strong>igitur</strong></span> <span class='ocrx_word' id='word_1_40' title='bbox 749 1067 818 1142; x_wconf 84' lang='lat' dir='ltr'><strong>per</strong></span> <span class='ocrx_word' id='word_1_41' title='bbox 836 1070 874 1117; x_wconf 93' lang='lat' dir='ltr'><strong>se</strong></span> <span class='ocrx_word' id='word_1_42' title='bbox 891 1045 1037 1118; x_wconf 79' lang='lat' dir='ltr'><strong>cerebri</strong></span> <span class='ocrx_word' id='word_1_43' title='bbox 1052 1072 1140 1117; x_wconf 92' lang='lat' dir='ltr'><strong>con-</strong></span> 
     </span>
     <span class='ocr_line' id='line_1_7' title="bbox 133 1155 1139 1260; baseline 0.002 -26"><span class='ocrx_word' id='word_1_44' title='bbox 133 1163 314 1246; x_wconf 87' lang='lat' dir='ltr'><strong>cussioid</strong></span> <span class='ocrx_word' id='word_1_45' title='bbox 334 1161 431 1235; x_wconf 87' lang='lat' dir='ltr'><strong>fecit.</strong></span> <span class='ocrx_word' id='word_1_46' title='bbox 455 1161 711 1253; x_wconf 76' lang='lat' dir='ltr'><strong>Quamobrem</strong></span> <span class='ocrx_word' id='word_1_47' title='bbox 737 1163 797 1234; x_wconf 91' lang='lat' dir='ltr'><strong>vel</strong></span> <span class='ocrx_word' id='word_1_48' title='bbox 829 1155 1139 1260; x_wconf 61' lang='lat' dir='ltr'><strong>quando&#39;efsusio</strong></span> 
     </span>
     <span class='ocr_line' id='line_1_8' title="bbox 133 1261 1139 1378; baseline 0 -25"><span class='ocrx_word' id='word_1_49' title='bbox 133 1281 337 1378; x_wconf 82' lang='lat' dir='ltr'><strong>conjuncta</strong></span> <span class='ocrx_word' id='word_1_50' title='bbox 362 1283 433 1369; x_wconf 88' lang='lat' dir='ltr'><strong>sit;</strong></span> <span class='ocrx_word' id='word_1_51' title='bbox 463 1261 638 1351; x_wconf 86' lang='lat' dir='ltr'><strong>dubitare</strong></span> <span class='ocrx_word' id='word_1_52' title='bbox 665 1303 760 1378; x_wconf 87' lang='lat' dir='ltr'><strong>saepe</strong></span> <span class='ocrx_word' id='word_1_53' title='bbox 796 1281 901 1366; x_wconf 83' lang='lat' dir='ltr'><strong>licet,</strong></span> <span class='ocrx_word' id='word_1_54' title='bbox 930 1281 1059 1378; x_wconf 86' lang='lat' dir='ltr'><strong>hujus,</strong></span> <span class='ocrx_word' id='word_1_55' title='bbox 1090 1308 1139 1353; x_wconf 88' lang='lat' dir='ltr'><strong>an</strong></span> 
     </span>
     <span class='ocr_line' id='line_1_9' title="bbox 29 1385 1140 1495; baseline 0.001 -26"><span class='ocrx_word' id='word_1_56' title='bbox 29 1385 34 1392; x_wconf 45' lang='lat'>⁵</span> <span class='ocrx_word' id='word_1_57' title='bbox 131 1399 299 1471; x_wconf 71' lang='lat' dir='ltr'><strong>illiusris</strong></span> <span class='ocrx_word' id='word_1_58' title='bbox 317 1399 438 1495; x_wconf 83' lang='lat' dir='ltr'><strong>major</strong></span> <span class='ocrx_word' id='word_1_59' title='bbox 457 1394 634 1468; x_wconf 68' lang='lat' dir='ltr'><strong>fuerit&#39;ad</strong></span> <span class='ocrx_word' id='word_1_60' title='bbox 657 1395 881 1469; x_wconf 88' lang='lat' dir='ltr'><strong>necandum.</strong></span> <span class='ocrx_word' id='word_1_61' title='bbox 903 1401 988 1488; x_wconf 90' lang='lat' dir='ltr'><strong>Quo</strong></span> <span class='ocrx_word' id='word_1_62' title='bbox 1015 1415 1140 1472; x_wconf 88' lang='lat' dir='ltr'><strong>autem</strong></span> 
     </span>
     <span class='ocr_line' id='line_1_10' title="bbox 132 1515 1143 1614; baseline 0.002 -28"><span class='ocrx_word' id='word_1_63' title='bbox 132 1515 248 1588; x_wconf 87' lang='lat' dir='ltr'><strong>modo</strong></span> <span class='ocrx_word' id='word_1_64' title='bbox 257 1515 692 1612; x_wconf 87' lang='lat' dir='ltr'><strong>vehementiuspercussi</strong></span> <span class='ocrx_word' id='word_1_65' title='bbox 710 1517 826 1585; x_wconf 85' lang='lat' dir='ltr'><strong>cranii</strong></span> <span class='ocrx_word' id='word_1_66' title='bbox 845 1517 1035 1614; x_wconf 73' lang='lat' dir='ltr'><strong>particulae</strong></span> <span class='ocrx_word' id='word_1_67' title='bbox 1055 1543 1143 1589; x_wconf 88' lang='lat' dir='ltr'><strong>con.-</strong></span> 
     </span>
     <span class='ocr_line' id='line_1_11' title="bbox 132 1633 1140 1732; baseline 0 -25"><span class='ocrx_word' id='word_1_68' title='bbox 132 1635 341 1723; x_wconf 88' lang='lat' dir='ltr'><strong>cutiantur,</strong></span> <span class='ocrx_word' id='word_1_69' title='bbox 359 1657 625 1730; x_wconf 73' lang='lat' dir='ltr'><strong>concussaque</strong></span> <span class='ocrx_word' id='word_1_70' title='bbox 657 1633 717 1704; x_wconf 89' lang='lat' dir='ltr'><strong>vel</strong></span> <span class='ocrx_word' id='word_1_71' title='bbox 736 1633 917 1728; x_wconf 85' lang='lat' dir='ltr'><strong>majorem</strong></span> <span class='ocrx_word' id='word_1_72' title='bbox 938 1661 1049 1732; x_wconf 89' lang='lat' dir='ltr'><strong>quam</strong></span> <span class='ocrx_word' id='word_1_73' title='bbox 1074 1661 1140 1708; x_wconf 81' lang='lat' dir='ltr'><strong>sua</strong></span> 
     </span>
     <span class='ocr_line' id='line_1_12' title="bbox 132 1748 1140 1850; baseline 0 -26"><span class='ocrx_word' id='word_1_74' title='bbox 132 1767 213 1842; x_wconf 89' lang='lat' dir='ltr'><strong>est,</strong></span> <span class='ocrx_word' id='word_1_75' title='bbox 238 1753 529 1824; x_wconf 83' lang='lat' dir='ltr'><strong>concussionem.</strong></span> <span class='ocrx_word' id='word_1_76' title='bbox 552 1750 711 1822; x_wconf 89' lang='lat' dir='ltr'><strong>cerebro</strong></span> <span class='ocrx_word' id='word_1_77' title='bbox 740 1748 920 1840; x_wconf 84' lang='lat' dir='ltr'><strong>afferant,</strong></span> <span class='ocrx_word' id='word_1_78' title='bbox 940 1752 1055 1850; x_wconf 81' lang='lat' dir='ltr'><strong>hujus</strong></span> <span class='ocrx_word' id='word_1_79' title='bbox 1074 1779 1140 1824; x_wconf 90' lang='lat' dir='ltr'><strong>au-</strong></span> 
     </span>
     <span class='ocr_line' id='line_1_13' title="bbox 132 1869 1138 1968; baseline 0.001 -25"><span class='ocrx_word' id='word_1_80' title='bbox 132 1887 209 1944; x_wconf 87' lang='lat' dir='ltr'><strong>tem</strong></span> <span class='ocrx_word' id='word_1_81' title='bbox 227 1871 636 1968; x_wconf 86' lang='lat' dir='ltr'><strong>concussiopropriam</strong></span> <span class='ocrx_word' id='word_1_82' title='bbox 648 1924 658 1959; x_wconf 89' lang='lat'><strong>,</strong></span> <span class='ocrx_word' id='word_1_83' title='bbox 669 1894 748 1940; x_wconf 88' lang='lat' dir='ltr'><strong>non</strong></span> <span class='ocrx_word' id='word_1_84' title='bbox 763 1872 878 1967; x_wconf 81' lang='lat' dir='ltr'><strong>magis</strong></span> <span class='ocrx_word' id='word_1_85' title='bbox 896 1869 1138 1959; x_wconf 88' lang='lat' dir='ltr'><strong>invisibilem,</strong></span> 
     </span>
     <span class='ocr_line' id='line_1_14' title="bbox 132 1987 1146 2086; baseline -0.001 -26"><span class='ocrx_word' id='word_1_86' title='bbox 132 2013 246 2086; x_wconf 90' lang='lat' dir='ltr'><strong>quam</strong></span> <span class='ocrx_word' id='word_1_87' title='bbox 262 1999 433 2062; x_wconf 80' lang='lat' dir='ltr'><strong>teneram</strong></span> <span class='ocrx_word' id='word_1_88' title='bbox 451 1989 621 2058; x_wconf 87' lang='lat' dir='ltr'><strong>intimam</strong></span> <span class='ocrx_word' id='word_1_89' title='bbox 638 1987 1146 2083; x_wconf 86' lang='lat' dir='ltr'><strong>structuram,bujusf1bras</strong></span> 
     </span>
     <span class='ocr_line' id='line_1_15' title="bbox 135 2104 1141 2208; baseline 0 -30"><span class='ocrx_word' id='word_1_90' title='bbox 135 2107 426 2194; x_wconf 86' lang='lat' dir='ltr'><strong>contendendo,</strong></span> <span class='ocrx_word' id='word_1_91' title='bbox 444 2104 622 2193; x_wconf 65' lang='lat' dir='ltr'><strong>taxando,</strong></span> <span class='ocrx_word' id='word_1_92' title='bbox 645 2104 955 2208; x_wconf 65' lang='lat' dir='ltr'><strong>contorqueam),</strong></span> <span class='ocrx_word' id='word_1_93' title='bbox 984 2110 1141 2204; x_wconf 87' lang='lat' dir='ltr'><strong>compri-</strong></span> 
     </span>
     <span class='ocr_line' id='line_1_16' title="bbox 54 2221 1141 2323; baseline -0.002 -26"><span class='ocrx_word' id='word_1_94' title='bbox 54 2261 57 2265; x_wconf 74' lang='lat'><strong>,</strong></span> <span class='ocrx_word' id='word_1_95' title='bbox 132 2225 295 2313; x_wconf 88' lang='lat' dir='ltr'><strong>mendo,</strong></span> <span class='ocrx_word' id='word_1_96' title='bbox 329 2222 614 2323; x_wconf 84' lang='lat' dir='ltr'><strong>complicand0‚</strong></span> <span class='ocrx_word' id='word_1_97' title='bbox 645 2221 872 2308; x_wconf 84' lang='lat' dir='ltr'><strong>lacerando,</strong></span> <span class='ocrx_word' id='word_1_98' title='bbox 913 2237 977 2294; x_wconf 90' lang='lat' dir='ltr'><strong>aut</strong></span> <span class='ocrx_word' id='word_1_99' title='bbox 1010 2227 1141 2320; x_wconf 85' lang='lat' dir='ltr'><strong>quavis</strong></span> 
     </span>
     <span class='ocr_line' id='line_1_17' title="bbox 134 2339 1141 2428; baseline -0.002 -14"><span class='ocrx_word' id='word_1_100' title='bbox 134 2344 205 2415; x_wconf 90' lang='lat' dir='ltr'><strong>alia</strong></span> <span class='ocrx_word' id='word_1_101' title='bbox 227 2344 371 2416; x_wconf 90' lang='lat' dir='ltr'><strong>ratione</strong></span> <span class='ocrx_word' id='word_1_102' title='bbox 397 2341 587 2428; x_wconf 86' lang='lat' dir='ltr'><strong>vitiando,</strong></span> <span class='ocrx_word' id='word_1_103' title='bbox 623 2339 793 2411; x_wconf 87' lang='lat' dir='ltr'><strong>inutilem</strong></span> <span class='ocrx_word' id='word_1_104' title='bbox 815 2340 1037 2413; x_wconf 88' lang='lat' dir='ltr'><strong>necessariis</strong></span> <span class='ocrx_word' id='word_1_105' title='bbox 1062 2367 1141 2412; x_wconf 87' lang='lat' dir='ltr'><strong>mu·</strong></span> 
     </span>
     <span class='ocr_line' id='line_1_18' title="bbox 133 2457 1142 2558; baseline -0.001 -25"><span class='ocrx_word' id='word_1_106' title='bbox 133 2461 290 2533; x_wconf 89' lang='lat' dir='ltr'><strong>neribus</strong></span> <span class='ocrx_word' id='word_1_107' title='bbox 304 2459 455 2548; x_wconf 88' lang='lat' dir='ltr'><strong>reddat,</strong></span> <span class='ocrx_word' id='word_1_108' title='bbox 467 2458 704 2554; x_wconf 80' lang='lat' dir='ltr'><strong>conjecturas</strong></span> <span class='ocrx_word' id='word_1_109' title='bbox 715 2457 839 2555; x_wconf 87' lang='lat' dir='ltr'><strong>legere</strong></span> <span class='ocrx_word' id='word_1_110' title='bbox 851 2457 992 2530; x_wconf 88' lang='lat' dir='ltr'><strong>Bohnii</strong></span> <span class='ocrx_word' id='word_1_111' title='bbox 1004 2459 1058 2556; x_wconf 79' lang='grc' dir='ltr'><strong>(ι)</strong></span> <span class='ocrx_word' id='word_1_112' title='bbox 1069 2485 1142 2558; x_wconf 74' lang='grc' dir='ltr'><strong>ρο-</strong></span> 
     </span>
     <span class='ocr_line' id='line_1_19' title="bbox 132 2574 1140 2676; baseline -0.002 -24"><span class='ocrx_word' id='word_1_113' title='bbox 132 2581 233 2652; x_wconf 90' lang='lat' dir='ltr'><strong>teris.</strong></span> <span class='ocrx_word' id='word_1_114' title='bbox 264 2578 411 2670; x_wconf 85' lang='lat' dir='ltr'><strong>Quibus</strong></span> <span class='ocrx_word' id='word_1_115' title='bbox 449 2577 644 2676; x_wconf 85' lang='lat' dir='ltr'><strong>perlectis,</strong></span> <span class='ocrx_word' id='word_1_116' title='bbox 676 2599 951 2674; x_wconf 85' lang='lat' dir='ltr'><strong>supervacuum</strong></span> <span class='ocrx_word' id='word_1_117' title='bbox 987 2574 1140 2654; x_wconf 85' lang='lat' dir='ltr'><strong>fortasse</strong></span> 
     </span>
     <span class='ocr_line' id='line_1_20' title="bbox 134 2695 1143 2794; baseline -0.001 -24"><span class='ocrx_word' id='word_1_118' title='bbox 134 2698 265 2771; x_wconf 87' lang='lat' dir='ltr'><strong>credes</strong></span> <span class='ocrx_word' id='word_1_119' title='bbox 294 2698 510 2794; x_wconf 87' lang='lat' dir='ltr'><strong>inquirere,</strong></span> <span class='ocrx_word' id='word_1_120' title='bbox 533 2720 580 2766; x_wconf 88' lang='lat' dir='ltr'><strong>an</strong></span> <span class='ocrx_word' id='word_1_121' title='bbox 606 2696 740 2767; x_wconf 87' lang='lat' dir='ltr'><strong>vitium</strong></span> <span class='ocrx_word' id='word_1_122' title='bbox 772 2695 926 2792; x_wconf 88' lang='lat' dir='ltr'><strong>aliquod</strong></span> <span class='ocrx_word' id='word_1_123' title='bbox 959 2696 1143 2792; x_wconf 78' lang='lat' dir='ltr'><strong>ejusdem·</strong></span> 
     </span>
     <span class='ocr_line' id='line_1_21' title="bbox 57 2805 1142 2915; baseline -0.002 -27"><span class='ocrx_word' id='word_1_124' title='bbox 57 2805 59 2807; x_wconf 29' lang='lat'>¹</span> <span class='ocrx_word' id='word_1_125' title='bbox 134 2817 240 2888; x_wconf 90' lang='lat' dir='ltr'><strong>modi</strong></span> <span class='ocrx_word' id='word_1_126' title='bbox 265 2817 304 2886; x_wconf 90' lang='lat' dir='ltr'><strong>in</strong></span> <span class='ocrx_word' id='word_1_127' title='bbox 329 2825 540 2886; x_wconf 80' lang='lat' dir='ltr'><strong>‘nervorum</strong></span> <span class='ocrx_word' id='word_1_128' title='bbox 573 2837 727 2915; x_wconf 88' lang='lat' dir='ltr'><strong>quoque</strong></span> <span class='ocrx_word' id='word_1_129' title='bbox 751 2813 965 2900; x_wconf 86' lang='lat' dir='ltr'><strong>trunculos,</strong></span> <span class='ocrx_word' id='word_1_130' title='bbox 1003 2811 1070 2886; x_wconf 91' lang='lat' dir='ltr'><strong>ubi</strong></span> <span class='ocrx_word' id='word_1_131' title='bbox 1097 2841 1142 2887; x_wconf 82' lang='lat' dir='ltr'><strong>ex</strong></span> 
     </span>
     <span class='ocr_line' id='line_1_22' title="bbox 139 2929 1143 3032; baseline -0.002 -26"><span class='ocrx_word' id='word_1_132' title='bbox 139 2935 342 3032; x_wconf 84' lang='lat' dir='ltr'><strong>oblongata</strong></span> <span class='ocrx_word' id='word_1_133' title='bbox 374 2933 449 3028; x_wconf 85' lang='lat' dir='ltr'><strong>jam</strong></span> <span class='ocrx_word' id='word_1_134' title='bbox 479 2931 725 3029; x_wconf 86' lang='lat' dir='ltr'><strong>egrediuntur</strong></span> <span class='ocrx_word' id='word_1_135' title='bbox 748 2931 929 3019; x_wconf 86' lang='lat' dir='ltr'><strong>medulla,</strong></span> <span class='ocrx_word' id='word_1_136' title='bbox 964 2957 984 3002; x_wconf 87' lang='lat' dir='ltr'><strong>a</strong></span> <span class='ocrx_word' id='word_1_137' title='bbox 1008 2929 1143 3031; x_wconf 84' lang='lat' dir='ltr'><strong>magna</strong></span> 
     </span>
     <span class='ocr_line' id='line_1_23' title="bbox 138 3047 1144 3135; baseline -0.006 -10"><span class='ocrx_word' id='word_1_138' title='bbox 138 3051 284 3125; x_wconf 90' lang='lat' dir='ltr'><strong>cerebri</strong></span> <span class='ocrx_word' id='word_1_139' title='bbox 302 3049 550 3122; x_wconf 86' lang='lat' dir='ltr'><strong>concussione</strong></span> <span class='ocrx_word' id='word_1_140' title='bbox 578 3047 799 3129; x_wconf 85' lang='lat' dir='ltr'><strong>inducatur,</strong></span> <span class='ocrx_word' id='word_1_141' title='bbox 833 3063 870 3120; x_wconf 88' lang='lat' dir='ltr'><strong>et</strong></span> <span class='ocrx_word' id='word_1_142' title='bbox 899 3073 1012 3135; x_wconf 90' lang='lat' dir='ltr'><strong>num,</strong></span> <span class='ocrx_word' id='word_1_143' title='bbox 1040 3051 1070 3120; x_wconf 92' lang='lat' dir='ltr'><strong>si</strong></span> <span class='ocrx_word' id='word_1_144' title='bbox 1089 3053 1144 3120; x_wconf 85' lang='lat' dir='ltr'><strong>in-</strong></span> 
     </span>
     <span class='ocr_line' id='line_1_24' title="bbox 138 3165 1143 3266; baseline -0.002 -26"><span class='ocrx_word' id='word_1_145' title='bbox 138 3169 294 3240; x_wconf 92' lang='lat' dir='ltr'><strong>ductum</strong></span> <span class='ocrx_word' id='word_1_146' title='bbox 314 3169 379 3266; x_wconf 89' lang='lat' dir='ltr'><strong>sit,</strong></span> <span class='ocrx_word' id='word_1_147' title='bbox 408 3169 534 3266; x_wconf 87' lang='lat' dir='ltr'><strong>ipsum</strong></span> <span class='ocrx_word' id='word_1_148' title='bbox 550 3190 618 3263; x_wconf 91' lang='lat' dir='ltr'><strong>per</strong></span> <span class='ocrx_word' id='word_1_149' title='bbox 638 3189 675 3236; x_wconf 93' lang='lat' dir='ltr'><strong>se</strong></span> <span class='ocrx_word' id='word_1_150' title='bbox 692 3165 815 3236; x_wconf 87' lang='lat' dir='ltr'><strong>solum</strong></span> <span class='ocrx_word' id='word_1_151' title='bbox 841 3166 1055 3262; x_wconf 84' lang='lat' dir='ltr'><strong>gravissima</strong></span> <span class='ocrx_word' id='word_1_152' title='bbox 1081 3166 1143 3238; x_wconf 85' lang='lat' dir='ltr'><strong>illa</strong></span> 
     </span>
     <span class='ocr_line' id='line_1_25' title="bbox 138 3281 1141 3381; baseline -0.006 -23"><span class='ocrx_word' id='word_1_153' title='bbox 138 3287 266 3358; x_wconf 92' lang='lat' dir='ltr'><strong>omnia</strong></span> <span class='ocrx_word' id='word_1_154' title='bbox 283 3281 416 3356; x_wconf 85' lang='lat' dir='ltr'><strong>afferre</strong></span> <span class='ocrx_word' id='word_1_155' title='bbox 442 3283 561 3381; x_wconf 88' lang='lat' dir='ltr'><strong>possit</strong></span> <span class='ocrx_word' id='word_1_156' title='bbox 586 3282 683 3352; x_wconf 88' lang='lat' dir='ltr'><strong>mala</strong></span> <span class='ocrx_word' id='word_1_157' title='bbox 711 3307 793 3378; x_wconf 89' lang='lat' dir='ltr'><strong>quae</strong></span> <span class='ocrx_word' id='word_1_158' title='bbox 819 3295 900 3351; x_wconf 89' lang='lat' dir='ltr'><strong>tum</strong></span> <span class='ocrx_word' id='word_1_159' title='bbox 922 3297 1141 3378; x_wconf 89' lang='lat' dir='ltr'><strong>sequuntur.</strong></span> 
     </span>
     <span class='ocr_line' id='line_1_26' title="bbox 137 3398 1147 3498; baseline -0.005 -22"><span class='ocrx_word' id='word_1_160' title='bbox 137 3409 217 3476; x_wconf 87' lang='lat' dir='ltr'><strong>Jam</strong></span> <span class='ocrx_word' id='word_1_161' title='bbox 236 3427 346 3491; x_wconf 83' lang='lat' dir='ltr'><strong>vern,</strong></span> <span class='ocrx_word' id='word_1_162' title='bbox 363 3403 422 3474; x_wconf 90' lang='lat' dir='ltr'><strong>his</strong></span> <span class='ocrx_word' id='word_1_163' title='bbox 444 3398 768 3498; x_wconf 88' lang='lat' dir='ltr'><strong>disquisitionibus</strong></span> <span class='ocrx_word' id='word_1_164' title='bbox 790 3400 979 3496; x_wconf 90' lang='lat' dir='ltr'><strong>sepositis,</strong></span> <span class='ocrx_word' id='word_1_165' title='bbox 1003 3398 1050 3470; x_wconf 88' lang='lat' dir='ltr'><strong>ad</strong></span> <span class='ocrx_word' id='word_1_166' title='bbox 1068 3425 1147 3498; x_wconf 85' lang='lat' dir='ltr'><strong>gra·</strong></span> 
     </span>
     <span class='ocr_line' id='line_1_27' title="bbox 138 3502 1144 3616; baseline -0.003 -24"><span class='ocrx_word' id='word_1_167' title='bbox 138 3523 263 3592; x_wconf 85' lang='lat' dir='ltr'><strong>viores</strong></span> <span class='ocrx_word' id='word_1_168' title='bbox 279 3545 393 3616; x_wconf 87' lang='lat' dir='ltr'><strong>quam</strong></span> <span class='ocrx_word' id='word_1_169' title='bbox 411 3502 451 3590; x_wconf 86' lang='lat' dir='ltr'><strong>in</strong></span> <span class='ocrx_word' id='word_1_170' title='bbox 466 3519 659 3616; x_wconf 89' lang='lat' dir='ltr'><strong>descripto</strong></span> <span class='ocrx_word' id='word_1_171' title='bbox 674 3542 780 3606; x_wconf 90' lang='lat' dir='ltr'><strong>sene,</strong></span> <span class='ocrx_word' id='word_1_172' title='bbox 794 3517 995 3588; x_wconf 90' lang='lat' dir='ltr'><strong>vulnerum</strong></span> <span class='ocrx_word' id='word_1_173' title='bbox 1014 3518 1144 3615; x_wconf 79' lang='lat' dir='ltr'><strong>capitis</strong></span> 
     </span>
     <span class='ocr_line' id='line_1_28' title="bbox 138 3619 1148 3727; baseline -0.004 -15"><span class='ocrx_word' id='word_1_174' title='bbox 138 3637 315 3727; x_wconf 72' lang='lat' dir='ltr'><strong>effectus,</strong></span> <span class='ocrx_word' id='word_1_175' title='bbox 330 3639 404 3709; x_wconf 90' lang='lat' dir='ltr'><strong>sive</strong></span> <span class='ocrx_word' id='word_1_176' title='bbox 419 3652 620 3708; x_wconf 88' lang='lat' dir='ltr'><strong>consecuta</strong></span> <span class='ocrx_word' id='word_1_177' title='bbox 639 3637 678 3707; x_wconf 91' lang='lat' dir='ltr'><strong>in</strong></span> <span class='ocrx_word' id='word_1_178' title='bbox 700 3637 811 3723; x_wconf 88' lang='lat' dir='ltr'><strong>vivis,</strong></span> <span class='ocrx_word' id='word_1_179' title='bbox 834 3635 908 3708; x_wconf 89' lang='lat' dir='ltr'><strong>sive</strong></span> <span class='ocrx_word' id='word_1_180' title='bbox 926 3619 1148 3708; x_wconf 15' lang='lat' dir='ltr'><strong>inimortuis</strong></span> 
     </span>
     <span class='ocr_line' id='line_1_29' title="bbox 138 3752 1064 3854; baseline -0.006 -26"><span class='ocrx_word' id='word_1_181' title='bbox 138 3771 289 3854; x_wconf 83' lang='lat' dir='ltr'><strong>reperta</strong></span> <span class='ocrx_word' id='word_1_182' title='bbox 309 3769 539 3852; x_wconf 89' lang='lat' dir='ltr'><strong>spectemus,</strong></span> <span class='ocrx_word' id='word_1_183' title='bbox 563 3752 835 3852; x_wconf 90' lang='lat' dir='ltr'><strong>proponendos</strong></span> <span class='ocrx_word' id='word_1_184' title='bbox 852 3775 1064 3849; x_wconf 82' lang='lat' dir='ltr'><strong>pergamus</strong></span> 
     </span>
    </p>
   </div>
   <div class='ocr_carea' id='block_1_3' title="bbox 181 4013 490 4100">
    <p class='ocr_par' dir='ltr' id='par_1_3' title="bbox 181 4013 490 4100">
     <span class='ocr_line' id='line_1_30' title="bbox 181 4013 490 4100; baseline -0.01 -28"><span class='ocrx_word' id='word_1_185' title='bbox 181 4015 226 4093; x_wconf 77' lang='lat' dir='ltr'><strong>(a)</strong></span> <span class='ocrx_word' id='word_1_186' title='bbox 248 4014 399 4100; x_wconf 27' lang='lat' dir='ltr'><strong>C.··1,cit.</strong></span> <span class='ocrx_word' id='word_1_187' title='bbox 484 4013 490 4020; x_wconf 78' lang='lat'>&#39;</span> 
     </span>
    </p>
   </div>
   <div class='ocr_carea' id='block_1_4' title="bbox 0 0 1439 4660">
    <p class='ocr_par' dir='ltr' id='par_1_4' title="bbox 0 0 1439 4660">
     <span class='ocr_line' id='line_1_31' title="bbox 0 0 1439 4660; baseline 0 0"><span class='ocrx_word' id='word_1_188' title='bbox 0 0 1439 4660; x_wconf 95' lang='lat' dir='ltr'><strong> </strong></span> 
     </span>
    </p>
   </div>
  </div>
 </body>
</html>
