2872 4660
283 458 327 504 10
446 459 493 505 DE
519 458 664 537 scottus
690 459 734 505 ΕΤ
759 457 883 506 CAUSlS
908 459 1132 507 MORBORUM·

276 571 349 650 nisi
376 597 459 644 cum
491 599 532 646 oa
552 597 709 660 corono,
728 587 770 644 ut
789 574 953 646 Galenus
971 573 1024 666 (ι)
1042 573 1132 644 olim
1151 573 1281 644 edmo-

276 689 376 776 nuit‚
402 716 511 789 mquo
536 692 667 764 durior
685 717 763 762 non
782 708 895 773 osset,
915 693 1013 764 uteri
1031 706 1155 762 autem
1176 715 1282 764 mor-

274 803 429 896 borum,
442 812 682 899 vitiorumve,
698 813 737 880 in
755 835 917 910 quorum
933 824 1034 882 certe
1049 809 1279 908 quibusdam

275 925 471 1006 inclinatio
487 953 641 1027 quoque
661 943 875 1000 antrorsum
894 944 964 1015 est,
984 927 1085 1000 unde
1107 929 1279 1000 osculum

274 1059 482 1124 retrorsum
500 1048 750 1131 convertitur,
769 1047 897 1123 omnia
911 1045 1085 1118 abessent
1101 1045 1253 1118 indicia.

326 1162 360 1253 4.
389 1165 508 1260 Igitur
527 1191 575 1236 ne
594 1187 721 1235 veram
740 1163 996 1262 graviditatem
1018 1186 1088 1262 pro
1115 1160 1205 1236 falsa
1221 1187 1282 1236 ec·

277 1279 474 1376 cipimus,
496 1297 551 1354 est
563 1283 657 1354 ratio
670 1281 845 1362 habenda
858 1280 1134 1358 accuratissime
1148 1304 1281 1355 eorum

277 1398 448 1474 omnium
468 1415 548 1478 tum
570 1426 651 1498 quae
673 1400 828 1488 adsunt,
850 1415 929 1470 tum
955 1421 1037 1495 quae
1062 1397 1215 1485 absunt,
1242 1399 1280 1470 in

277 1516 485 1613 primisque
517 1519 546 1590 si
577 1518 713 1590 mulier
741 1532 849 1589 antea
870 1515 1025 1614 gestavit
1043 1531 1213 1604 uterum,
1233 1541 1281 1587 an

276 1631 406 1706 eadem
435 1661 517 1732 quae
546 1637 654 1726 alias,
684 1638 788 1735 signa
811 1617 919 1714 initio
941 1629 1218 1732 praecesserint,
1237 1659 1282 1706 ex
1337 1679 1343 1686 ·

278 1751 416 1848 quibus
428 1780 531 1826 nunc
549 1756 688 1852 pariter
706 1779 745 1831 se
758 1752 951 1852 gravidam
969 1750 1103 1824 factam
1123 1765 1279 1822 censeat.

277 1869 336 1941 Ob
351 1869 464 1967 hujus
480 1874 579 1943 onim
595 1873 665 1959 rei,
681 1869 822 1943 fallacis
832 1869 986 1968 quidem
997 1869 1205 1956 interdum,
1217 1868 1282 1941 sed

277 2012 356 2058 non
371 2005 569 2087 propterca
585 1989 834 2089 negligendae,
848 1988 1171 2088 contemptionem
1186 2011 1280 2084 nepe

274 2105 352 2176 vidi
376 2107 544 2180 medicos
561 2110 599 2177 in
624 2131 791 2180 errorem
809 2107 1021 2205 prolapsos,
1039 2119 1080 2176 ut
1094 2129 1138 2175 er
1158 2103 1287 2203 tribue

275 2224 426 2307 saltem,
456 2251 549 2322 quot
580 2229 703 2324 placet
727 2224 933 2323 subjicere,
951 2209 1281 2302 observationibus

275 2343 450 2439 praeclare
471 2344 665 2440 intelliges.
688 2350 750 2422 Hoe
769 2367 901 2423 omnes
920 2341 966 2414 ed
986 2338 1143 2420 feminas
1163 2343 1281 2438 perti·

275 2473 369 2537 nent
400 2461 725 2556 generosissimus,
762 2462 922 2558 primam
953 2457 1088 2556 hujus,
1121 2457 1283 2554 reliquae

275 2600 366 2657 meae
384 2577 551 2658 civitatis.

327 2692 358 2764 5.
382 2698 509 2764 Foetus
532 2709 618 2766 ante
635 2719 698 2766 sex
716 2719 863 2774 mensos
880 2709 916 2767 et
934 2693 1013 2766 dies
1030 2693 1194 2791 aliquot,
1214 2717 1281 2764 ne·

276 2835 351 2908 que
373 2814 473 2882 enim
494 2810 540 2882 ab
560 2837 606 2884 eo
626 2827 798 2911 tempore
820 2813 956 2884 mulier
975 2835 1062 2883 cum
1081 2811 1165 2881 viro
1193 2835 1281 2882 con.-

275 2945 447 3000 sueverat
459 2929 636 3027 amplius,
650 2947 855 3029 conceptus
868 2926 989 3003 luerat
1000 2983 1009 3018 ,
1022 2943 1140 3000 matre
1155 2927 1205 3000 ob
1220 2953 1280 3002 so·

273 3045 356 3118 litas
379 3047 488 3117 initio
510 3062 595 3145 post
618 3063 766 3124 caeteras
787 3041 1055 3146 conceptiones
1072 3045 1279 3134 molestias,

276 3163 368 3260 quin
390 3164 539 3260 gravida
561 3163 655 3262 facte
679 3181 791 3254 osset,
806 3191 885 3237 non
899 3163 1106 3240 dubitante.
1121 3167 1279 3260 Jamque

274 3295 404 3351 uterus
426 3283 537 3359 tertio
559 3308 687 3356 mense
707 3299 852 3356 tumere
868 3296 1051 3381 coeperat,
1071 3305 1175 3368 cum,
1191 3306 1282 3379 pro-

275 3395 415 3469 fluente
436 3399 557 3472 multo
575 3426 618 3473 ex
637 3399 980 3480 haemorrhoidibus
999 3400 1199 3496 sanguine,
1220 3398 1282 3470 de-

271 3515 427 3602 tumuit,
466 3531 508 3586 ut
534 3516 731 3615 deceptam
758 3515 872 3598 fuisse
898 3516 1096 3588 mulierem
1127 3515 1282 3594 arbitra·

270 3647 412 3702 rentur.
432 3636 561 3729 Itaque
579 3637 646 3705 etsi
663 3649 885 3732 postquam,
903 3657 949 3710 co
961 3631 1066 3704 lluxu
1080 3633 1280 3728 conquies-

315 3999 358 4080 (ι)
379 4005 423 4059 De
442 4004 498 4059 loc.
516 4002 568 4059 ass.
583 4005 602 4059 l.
616 4005 650 4078 6,
666 4023 691 4062 ο.
704 4002 733 4060 t
