2828 4652
34 455 42 460 “
151 472 219 522 its.
246 473 303 520 111.
332 469 378 520 or
405 471 541 522 nornis
561 473 869 541 vrnrnrs,.rrrsr.
896 481 1023 532 xnvnt.
1058 441 1104 562 97

94 605 249 660 excreta
264 585 383 660 fuisse
393 587 442 660 ab
457 587 528 660 alia
546 589 703 662 muliere
717 615 797 663 non
812 595 865 682 ,ita
886 597 1032 694 pridem
1046 602 1115 693 ina

93 703 210 778 fantis
227 706 397 780 ossicula.
420 710 473 778 Ex
486 707 701 781 abdominis
728 725 854 783 autem
871 713 1106 794 abscessibus

93 822 174 894 hoc
203 837 336 896 nostro
365 825 500 896 sacculo
525 825 659 898 educta
687 828 832 917 Brixiae,
862 845 900 902 et
921 835 1106 910 Vercellis

93 938 259 1012 foetuum
279 940 440 1013 aliorum
459 965 543 1014 ossa
561 944 807 1038 llallisnerius
829 964 960 1022 noster
976 951 1051 1049 (t),
1067 969 1105 1026 et

92 1059 166 1132 cel.
180 1063 373 1132 Fautonus
393 1057 453 1158 (n)
471 1059 718 1133 tradiderunt.
729 1064 852 1136 ¹Facile
871 1067 949 1138 aliae
966 1067 1105 1144 frreriut
1133 1092 1135 1103 ¹

91 1174 284 1250 utatehac
301 1176 404 1276 apud
422 1191 607 1250 nostrates
631 1179 907 1275 ejusdemmodi
926 1185 1104 1260 observa-

89 1293 239 1384 tiones,
260 1317 421 1392 quarum
442 1308 507 1366 aut
527 1295 661 1366 notitia
678 1296 725 1366 ad
744 1321 805 1370 me
822 1325 902 1370 uon
919 1322 1105 1398 perrone·

89 1413 160 1502 rit,
177 1427 243 1512 aut
260 1414 291 1484 si
310 1414 484 1511 pervenit
496 1467 506 1500 ,
530 1415 788 1512 inpraesentia
814 1443 894 1488 non
919 1423 1103 1494 memine-

89 1533 179 1602 rim.
201 1529 472 1628 Sedquoniam
493 1524 590 1602 nibil
613 1533 653 1602 in
681 1557 723 1604 re
745 1534 893 1607 medica
910 1535 1027 1611 ferme
1048 1556 1105 1613 est
1142 1613 1145 1619 ,

90 1647 201 1747 quod
218 1647 506 1746 exceptionibus
521 1650 659 1721 nonsit
673 1647 899 1742 obnoxinm3
916 1653 1002 1728 ideo
1020 1661 1103 1755 qu‘ae

90 1766 138 1838 de
160 1765 363 1866 putredine
384 1766 497 1865 paulo
514 1783 601 1838 ante
619 1767 715 1857 dixi,
730 1771 760 1840 si
778 1793 936 1844 aernon
954 1771 1104 1864 subeat,

91 1870 231 1973 serium
251 1884 389 1956 sivero
409 1883 560 1973 subeat,
581 1885 707 1973 citius,
725 1900 762 1958 et
778 1888 1028 1984 periculosius
1043 1891 1104 1962 ad-

92 2003 291 2091 veniente,
316 2025 359 2074 ea
372 1985 616 2101 plerumque,
634 2027 713 2075 non
735 2027 904 2102 semper,
921 2033 1008 2079 vera
1023 2033 1104 2082 esse

91 2121 229 2217 posui,
254 2134 335 2192 tum
354 2120 468 2209 aliis,
487 2134 569 2192 tum
601 2119 751 2192 duabus
776 2121 1103 2199 observationibus

92 2237 303 2328 adductus,
321 2261 399 2310 uno
418 2236 630 2335 eodemque
654 2263 756 2310 anno
774 2238 882 2312 editis
903 2241 958 2339 (3)
977 2269 997 2314 a
1013 2244 1105 2317 uiris

92 2356 138 2428 cl.
158 2360 410 2428 Reusneroet
428 2353 598 2428 Nebelio.
622 2355 725 2430 Alter
741 2357 842 2430 enirn
863 2356 994 2430 foetum
1012 2386 1105 2460 proq

90 2475 205 2572 ponit
230 2473 588 2572 -qninquemestrem
624 2488 732 2546 utero
760 2489 972 2566 mortuum,
1001 2503 1104 2552 eum·

90 2614 194 2692 que,
214 2594 283 2664 etsi
308 2590 358 2664 ob
377 2605 541 2664 retentas
563 2591 676 2662 simul
696 2592 897 2684 secundm,
929 2611 966 2667 et
988 2621 1103 2695 aquas
1196 2641 1199 2652 ·

89 2711 172 2783 aeri
204 2707 327 2782 aditus
366 2733 447 2782 non
475 2701 647 2808 patebat,
675 2724 802 2782 tamen
835 2726 923 2814 post
953 2716 1103 2812 viginti,

89 2825 390 2925 haudamplius,
407 2825 667 2928 hebdomadas
689 2827 883 2900 exclusum
912 2837 1104 2918 teterrimo¹

90 2945 339 3037 cumfoetore.
353 2944 458 3018 Alter
472 2969 564 3017 vero
583 2950 773 3032 maturum
787 2943 920 3018 foetum
933 2948 1103 3046 legitimo

89 3079 267 3162 tempore
292 3061 446 3162 prodire
471 3079 693 3152 conantem,
714 3063 780 3136 sed
806 3079 892 3164 post
918 3091 1106 3162 aquarum
1182 3123 1184 3126 .

91 3181 299 3271 effluxum,
325 3182 383 3252 sui
394 3181 573 3254 interitus
586 3183 692 3280 signa
707 3195 813 3253 tanto
834 3184 994 3256 certiora
1005 3209 1102 3281 prae·

91 3301 269 3386 bentern,
288 3297 393 3398 quod
422 3301 605 3397 proximis
628 3298 877 3372 hebdomadis
886 3301 1050 3392 foetidus
1067 3318 1105 3374 et

90 3415 401 3514 sanguinolentus
419 3418 526 3488 ichor
537 3441 621 3488 cum
636 3417 960 3507 membranarum,
978 3420 1108 3512 fibrae

93 3559 253 3633 rumque
279 3557 522 3606 carnosarnm
535 3532 715 3626 frustulis
733 3557 809 3632 per
829 3533 1026 3608 rnuliebria
1047 3545 1111 3628 esa
1158 3527 1159 3530 ¹
1184 3602 1187 3608 .

167 3819 307 3898 )Istoria
321 3819 407 3876 della
409 3821 552 3876 Generaz
570 3835 609 3892 p.
619 3835 655 3888 a,
670 3835 699 3874 c
714 3835 760 3888 17,
776 3834 806 3876 n.
823 3835 869 3888 17.

134 3819 166 3998 l:
199 3923 244 3977 De
255 3919 321 3977 obs
334 3918 413 3978 med.
428 3929 469 3976 et.
481 3927 562 3975 anat.
573 3917 709 3995 Epistmy

135 4018 278 4172 (3)6Eph.
270 4021 331 4078 ‚tt
346 4021 380 4078 C.
392 4029 469 4082 cent
485 4017 519 4090 5,
534 4017 598 4087 obs
614 4035 665 4090 rr,
680 4026 709 4076 et
723 4027 800 4074 cent
818 4015 930 4090 6,obr
924 4013 990 4192 ..752
