2784 5088
134 483 204 529 mn.
222 483 271 529 ιν.
282 484 327 530 nr.
341 481 477 529 nonus
486 481 686 545 unumne„
703 473 772 530 etc.
789 483 901 530 musr.
914 485 993 530 mu.
1023 459 1110 557 5¹7*

83 617 170 663 rum
206 593 475 690 sinistrumque
507 594 604 664 latus
637 594 735 664 initii
778 594 896 690 ipsius
921 596 1100 666 medullae

84 712 241 808 spinalis
255 710 434 782 traductae
451 709 525 806 (ι),
543 709 704 782 laesionis
721 710 811 782 huic
823 710 930 782 lateri
947 712 1001 782 ibi
1016 714 1097 809 qui·

85 826 173 898 dem
188 828 297 898 illatae
309 824 463 898 effectus
478 827 624 924 possint
638 829 678 896 in
693 829 912 924 oppositum
927 829 1099 926 corporis

85 942 184 1015 latus
211 945 368 1015 omnino
396 943 608 1032 interdum5
634 945 723 1016 alias
756 945 891 1041 majori
921 959 1098 1044 exparte
1187 1011 1189 1013 ,

86 1058 304 1132 transferre.
332 1063 423 1151 Quae
436 1061 637 1157 explicatio
658 1075 701 1133 ut
719 1061 817 1132 nihil
831 1061 969 1134 habeat
988 1087 1101 1161 pecu·

87 1178 198 1266 liare,
228 1179 371 1276 quippe
394 1179 555 1248 aliorum
591 1177 755 1250 subnixa
785 1179 1100 1277 explicationibus

87 1294 325 1392 hemiplexiae
341 1320 361 1377 a
380 1295 470 1366 vitio
488 1296 654 1393 oppositi
681 1294 828 1368 cerebri
843 1295 1099 1395 hemispbaerii

87 1411 1105 1512 inductae:historiatamenltaeccumostendatquanto.

88 1529 202 1602 etiam
224 1527 380 1612 inferius
406 1554 485 1602 esse
506 1530 713 1628 aliquando
739 1532 858 1629 possit
882 1531 964 1602 vitii
993 1531 1099 1604 sedes

87 1647 268 1720 eumdem
296 1645 470 1720 eflectum
498 1644 713 1734 afferentis,
751 1649 908 1720 minime
936 1648 1102 1748 vulgaris

85 1765 184 1836 mihi
200 1767 280 1838 visa
297 1779 352 1856 est
367 1813 388 1848 ,κ
402 1789 523 1860 eoque
548 1763 662 1862 digna
684 1789 764 1861 quae
786 1791 806 1835 a
832 1790 892 1836 me
914 1765 982 1836 tibi
1000 1767 1101 1838 inter

85 1897 224 1954 caetera
243 1880 331 1952 colli
352 1879 509 1951 vulnera
526 1895 818 1977 proponeretur.
840 1887 921 1952 lam
941 1907 1031 1954 vero
1052 1881 1100 1954 ad

85 1999 260 2070 thoracis
278 1999 395 2095 ipsius
411 1997 568 2068 vulnera
587 1979 884 2095 progrediamur.

138 2124 197 2205 24.
223 2119 289 2187 Vir
304 2115 351 2187 ad
367 2116 586 2187 claviculam
602 2115 756 2187 alteram
776 2116 995 2188 vulneratus
1013 2131 1100 2188 ante

91 2260 262 2306 mensem
276 2230 557 2332 propemodum
569 2230 706 2320 fuerat,
720 2246 757 2303 ct
769 2233 937 2304 vulneris
946 2233 1101 2332 quidem

94 2354 241 2424 curatio
255 2350 353 2458 bene
372 2348 579 2448 procedere
601 2347 821 2438 videbatur,
838 2374 925 2420 cum
937 2349 1102 2446 denique
1197 2411 1210 2420 .

95 2470 235 2540 mentis
253 2465 509 2554 hebetudine,
528 2482 564 2538 et
581 2465 786 2566 rigoribus,
804 2465 943 2564 quibus
962 2489 1105 2563 nequa·

97 2611 210 2684 quam
230 2610 296 2684 par
309 2583 411 2656 calor
421 2582 694 2682 respondebat,
707 2583 844 2656 tentari
858 2585 982 2682 coepit.
1000 2588 1105 2654 Inter

96 2703 174 2776 haec
197 2704 339 2775 mortui
356 2703 514 2777 cadaver
531 2703 572 2773 in
594 2704 829 2801 gymnasium
857 2702 1012 2774 allatum
1034 2716 1105 2792 est,

60 2857 62 2864 v
98 2822 200 2894 unde
213 2836 435 2906 anatomen‚
453 2819 576 2892 donec
589 2821 707 2919 magis
721 2819 850 2892 idonei
864 2819 1103 2918 copiafieret,

72 2963 76 2969 “
96 2939 235 3012 docere
252 2939 461 3035 inciperem
479 2952 565 3008 unte
582 2939 744 3033 januarii
762 2935 877 3008 finem
890 2939 980 3008 anni
1001 2939 1103 3034 1732.

147 3056 298 3129 Vulnus
328 3056 367 3124 in
394 3053 560 3124 thoracis
581 3077 715 3127 cavum
742 3077 820 3122 non
850 3054 1106 3150 perveniebat.

102 3177 196 3246 Cum
215 3196 308 3246 vero
325 3171 542 3270 oppositum
568 3169 715 3241 vulneri
739 3170 836 3241 latus
847 3171 924 3265 jam
946 3169 1110 3242 intrabi-

95 3291 221 3363 'duum
241 3316 262 3362 a
281 3305 403 3361 morte
421 3289 582 3360 exterius
600 3287 723 3360 virere
743 3287 1110 3379 animadvertissem,

102 3433 227 3505 neque
239 3409 338 3478 intra
345 3405 541 3477 thoracem
557 3429 667 3478 causa
681 3405 756 3476 ulla
769 3407 1110 3503 appareretviroris

102 3523 202 3596 illius
220 3579 230 3614 ‚
250 3525 289 3594 iu
309 3521 514 3622 parietibus
537 3525 783 3620 quaerendum
799 3524 945 3613 censui,
974 3523 1111 3621 depre-

90 3638 346 3752 ‘hensumque
366 3655 422 3713 est
450 3663 521 3738 pus
545 3641 646 3712 inter
667 3641 859 3714 musculos
886 3655 923 3712 et
948 3641 1114 3712 laterum-

145 4015 189 4094 (1)
209 4019 304 4095 Epist.
318 4033 397 4078 anat.
415 4021 470 4094 13,
485 4039 516 4076 n.
531 4038 579 4076 no.
