2812 4656
258 389 328 464 232
421 413 468 460 nn
494 409 641 460 suerrus
665 409 709 456 nr
733 409 859 458 causis
883 407 1093 460 uoaaomur

254 503 637 627 pratereaquaeipse
654 511 863 610 memorat,
878 519 1114 598 vix'duobus
1140 551 1205 596 me
1223 525 1282 632 ¹⁰⁶.

255 646 353 743 gisse
376 643 638 729 meminerim,
665 665 831 738 quorum
854 637 1014 713 alterum
1036 667 1116 714 uno
1148 637 1292 715 v'erbo'

253 761 345 832 olim
365 759 545 832 indicavit
562 759 761 832 severinus
777 757 852 854 (ι),
869 757 1029 830 alterum
1045 757 1272 858 nuperrime

252 893 434 977 quantam
450 879 527 948 vim
552 876 744 976 sanguinis
765 877 999 966 contineret,
1025 879 1177 976 scripsit
1194 881 1272 948 Ma-

252 1011 364 1068 tanus
383 993 458 1092 (2);
480 1009 682 1093 propterea
705 991 813 1064 nolui
841 991 960 1081 hanc,
986 991 1160 1090 quamvis
1182 989 1271 1066 ob's·

254 1138 401 1202 curam,
421 1113 452 1184 si
469 1125 615 1210 spectes
633 1135 677 1184 ea
696 1115 885 1208 quae'niox
907 1107 1052 1199 dicam,
1077 1125 1114 1182 et
1128 1105 1270 1210 imper·

253 1228 405 1319 sectam,
424 1229 604 1302 Valsalvae
630 1227 935 1300 observationem
963 1229 1159 1318 omittere,
1175 1253 1270 1327 prac-

250 1363 354 1420 terea
371 1346 446 1419 hoc
459 1359 560 1418 certe
576 1344 863 1433 ostendentem,
882 1343 1068 1442 quantum
1091 1365 1269 1443 aneurys-

251 1463 503 1538 matibussint
513 1486 674 1562 corpora
684 1461 865 1560 ‘quaedam
884 1461 1060 1534 obnoxia.
1083 1466 1162 1536 Etsi
1177 1463 1286 1536 vero‘

254 1581 802 1680 experientissimusfleistcrus
810 1580 1099 1679 eamdemquam
1107 1581 1156 1653 ad
1167 1581 1268 1654 cubi·

251 1699 628 1797 turntaneurysmatis
651 1700 910 1786 curationem,
935 1699 976 1770 in
1003 1699 1148 1797 poplite
1177 1693 1287 1798 quo'

253 1841 331 1914 que
350 1842 428 1888 non
444 1815 706 1915 impossibilem
722 1841 802 1889 esse
819 1816 1004 1889 existimet
1016 1809 1087 1913 (3),
1108 1816 1161 1889 ob
1174 1812 1268 1890 ''eamss

253 1933 339 2006 dem
351 1957 464 2032 spem
482 1935 614 2032 (quam
630 1958 734 2006 nunc
750 1932 896 2004 videbis
914 1957 935 2005 a
958 1937 1266 2032 praestantissimo

251 2049 406 2125 Hallero
420 2050 478 2148 (4)
493 2046 777 2147 confirmatam)
789 2073 984 2122 ramorum
998 2052 1145 2122 arteriae
1164 2077 1187 2122 a
1217 2052 1267 2124 la·

252 2185 333 2240 tere
353 2169 717 2242 communicantium
730 2169 856 2266 ,¹quin
877 2168 1025 2258 se,·ubi
1050 2187 1158 2242 casus
1175 2159 1267 2244 tule-

252 2287 318 2374 rit,
345 2309 426 2358 eam
462 2288 695 2358 curationem
725 2301 1010 2385 suscepturum
1032 2285 1112 2360 esse
1129 2285 1267 2386 '‘profi-

251 2417 396 2490 teatur;
414 2395 541 2474 tamen
568 2427 655 2474 cum
679 2404 788 2501 plura
807 2427 921 2501 quam
936 2405 976 2476 in
990 2403 1154 2477 ‘historia
1178 2409 1266 2478 scri·

253 2520 414 2616 pserim‚
434 2517 481 2590 de
508 2534 545 2590 te
567 2520 780 2592 istiusmodi
808 2521 1017 2594 aValsalva
1036 2522 1164 2594 addita
1184 2547 1267 2596 nus·

252 2659 369 2732 quam
384 2659 463 2709 esse
475 2637 813 2711 animadverterem
830 2665 840 2728 3
859 2641 1027 2738 quaipse
1043 2643 1194 2714 ratione
1205 2666 1266 2714 cu·

250 2767 391 2840 rasset,
409 2767 570 2826 statuere
586 2779 664 2826 non
682 2755 878 2828 audebam.
904 2759 1019 2828 Erant
1034 2753 1191 2855 quidem
1213 2759 1265 2829 in'-

252 2886 311 2940 ter
331 2870 508 2944 Valsalvae
530 2870 687 2944 schedas
717 2875 846 2946 icones
875 2873 974 2962 dua,
1007 2876 1115 2965 scite,
1150 2893 1263 2974 atque
1287 2895 1290 2904 ’

255 2988 448 3086 eleganter
482 2987 697 3078 delineatae,
719 3015 881 3087 quarum
906 2991 1024 3064 altera
1049 2995 1261 3093 poplitaeam

252 3107 428 3177 arteriam
442 3105 490 3178 ab
504 3131 546 3176 ea
561 3105 652 3178 facie
668 3133 742 3204 qua
757 3110 909 3207 respicit
923 3113 1127 3201 exteriora,
1145 3109 1261 3186 altera

251 3219 299 3294 ab
313 3225 486 3320 opposita
498 3239 733 3322 representat
746 3249 785 3298 se
799 3226 847 3296 ab
860 3227 1046 3299 exteriore
1059 3225 1152 3302 facie
1166 3230 1258 3302 dila-

294 3541 337 3624 (1)
359 3547 404 3601 De
417 3544 538 3599 recond.
550 3544 676 3601 abscess.
688 3557 749 3602 nat.
762 3548 782 3601 1.
796 3555 831 3619 4,
846 3568 872 3605 c.
887 3569 903 3621 7
915 3569 1010 3627 prope
1021 3513 1157 3612 finemkad
1168 3573 1198 3610 n.
1211 3571 1237 3608 a.

291 3641 333 3724 (a)
356 3645 401 3698 De
419 3645 645 3718 anenrysmatic.
671 3647 819 3720 praecord.
835 3649 949 3709 morbis
972 3653 1123 3712 animadv.
1141 3663 1203 3710 not.
1215 3671 1247 3726 a,

251 3744 318 3814 ads
333 3763 382 3816 71.

288 3840 330 3922 (3)
352 3843 477 3899 Dissert.
492 3840 623 3898 indicata
635 3863 666 3899 n.
680 3843 718 3915 76
730 3855 760 3900 et
771 3863 818 3916 77.

289 3942 336 4021 (4)
355 3943 466 4000 Fascio.
483 3943 561 4000 icon.
575 3954 654 4000 auat.
672 3941 688 4000 5
700 3943 739 4001 ad
753 3944 814 4002 tab.
827 3952 856 4014 4.
