2872 4660
220 430 285 474 mn
309 429 363 474 111.
393 429 438 475 ua
466 427 601 475 morsis
621 427 790 490 terrers,
816 431 925 478 misr.
947 395 1072 479 riatur.
1152 410 1179 508 7

171 567 283 639 quam
303 543 519 640 postremis,
537 544 613 614 sive
625 541 677 626 ob
690 541 801 614 laetus
816 542 1085 635 infirmitatem,
1098 549 1176 626 sive

169 663 248 734 aliis
273 660 323 764 de
350 663 481 734 tausis.
508 662 665 734 Memini
699 679 872 762 rogatum
893 667 1087 761 quondam
1113 691 1178 738 me

169 807 264 870 esse,
277 797 321 854 ut
334 781 649 854 adolescentulam
664 781 884 873 inviserem,
899 785 960 854 cui
974 800 1172 883 postquam

169 901 369 1000 chirurgus
386 927 407 974 e
425 924 587 976 mamma
608 923 849 989 maurosum,
868 917 909 972 ut
927 901 1091 989 aiebant,
1112 919 1174 979 tu-

166 1031 319 1092 morem*
338 1017 561 1119 abstulerat,
584 1033 753 1090 ventera
778 1037 915 1092 novem
938 1021 1015 1116 jam
1033 1023 1172 1092 mensi-

164 1136 234 1212 bus
245 1153 394 1210 tumere
411 1152 587 1237 eoeperat.
604 1139 689 1228 Quo
704 1139 829 1211 minus
840 1139 972 1225 renati,
983 1153 1026 1210 ut
1038 1139 1173 1236 saepius

139 1256 276 1344 solet,
306 1271 343 1326 et
363 1271 453 1327 tunc
477 1259 517 1328 in
537 1269 648 1328 utero
675 1255 894 1346 timebatur,
921 1257 1092 1328 cancrosi
1111 1272 1172 1328 tu-

161 1376 277 1447 moris
295 1373 400 1472 sig‘na
419 1375 693 1476 interrogando
719 1375 981 1474 reperiebam,
1013 1401 1058 1447 eo
1084 1375 1169 1448 dili·

159 1493 330 1592 gentius,
358 1521 402 1567 ne
431 1495 572 1568 diutius
595 1511 804 1568 tumentem
830 1511 979 1567 uterum
997 1509 1169 1565 eontreo·

157 1618 241 1688 tavi.
283 1619 377 1688 Qum
407 1641 603 1718 praegnans
634 1615 697 1687 hie
724 1615 939 1703 videretur,
971 1639 1040 1712 ego
1062 1595 1168 1683 sveno

156 1747 317 1806 motum
335 1737 569 1832 perciperem
602 1733 774 1822 nullnm3
804 1748 1004 1831 parentum
1038 1743 1166 1802 nutem

156 1852 350 1950 praesentia
377 1877 457 1924 non
484 1855 623 1926 sineret
649 1877 709 1924 me
738 1849 910 1952 frigidam
943 1867 1094 1950 petere,
1122 1849 1161 1916 in

156 1993 269 2066 quam
284 1989 432 2074 possem
448 1969 651 2058 calentem,
665 1985 768 2043 aestas
784 1971 883 2040 enim
902 1985 980 2040 erat
994 1963 1165 2038 fervidis·
1231 2063 1234 2070 Ι

155 2081 264 2174 sima,
286 2111 440 2158 manum
461 2087 673 2178 demittere3
691 2091 860 2160 seronati
875 2084 1163 2159 adolescentulae

155 2204 366 2294 medicum
386 2220 666 2304 negantemque
693 2231 730 2278 se
752 2208 898 2276 motum
918 2227 1088 2302 unquam
1119 2201 1160 2272 in

153 2339 205 2394 eo·
224 2337 356 2394 ventre
380 2323 704 2410 animadvertisse,
723 2323 894 2396 hortatus
919 2348 1000 2396 sum
1019 2321 1157 2392 nibilo-

152 2443 291 2531 minus,
317 2457 360 2513 ut
381 2443 552 2538 quamvis
572 2439 749 2514 intactam
770 2466 850 2513 eam
869 2443 1051 2540 virginem
1072 2459 1156 2510 om'-

151 2583 216 2632 nes
235 2559 453 2648 crederent,
475 2575 583 2635 caute
604 2561 683 2658 ipse
708 2559 994 2657 prudenterque
1007 2572 1152 2657 ageret,

150 2703 219 2749 nec
239 2677 332 2774 quid
351 2679 390 2748 in
408 2678 488 2750 aliis
507 2679 587 2774 ejus
600 2677 784 2750 similibus
801 2678 931 2775 paneis
947 2691 1034 2756 ante
1046 2677 1156 2748 annis

151 2795 345 2868 accidisset
359 2821 437 2866 non
453 2796 532 2868 sine
544 2794 776 2868 medentium
787 2795 990 2881 dedecore,
999 2793 1155 2866 oblivis-

152 2907 314 2986 seretur.¹
326 2913 426 3004 Quid
439 2913 930 3012 quaerisilntaetaillavirgo
942 2913 1156 3011 paulopost

151 3028 331 3104 infantem
346 3031 472 3102 edidit.
491 3035 554 3102 Est
567 3032 683 3129 igitur
692 3032 843 3130 signum
857 3030 960 3128 quod
974 3029 1067 3118 din,
1079 3055 1162 3106 cers
1209 3043 1210 3048 ’

151 3165 248 3236 tum,
263 3175 349 3221 cum
364 3165 436 3239 est3
453 3173 524 3220 nee
539 3164 665 3222 tamen
679 3175 758 3222 non
778 3149 930 3246 gravida
945 3137 1154 3246 potestesse

151 3267 305 3356 mulier,
316 3293 402 3339 eum
415 3265 527 3338 abest.
542 3265 653 3337 Aliud
668 3267 761 3364 legi,
774 3267 821 3339 ab
835 3265 955 3340 doctis
968 3265 1172 3364 alioquin,

152 3399 187 3455 et
214 3383 494 3482 experientibus
518 3383 607 3454 viris
633 3407 703 3480 pro
726 3399 847 3470 certo,
866 3386 960 3456 etin
980 3383 1158 3456 omnibus

152 3501 312 3598 gravidis
332 3515 560 3572 occurrente
584 3503 840 3598 propositum,
858 3501 1081 3573 umbilicum
1104 3503 1158 3570 vi·

153 3617 288 3690 delicet
302 3617 612 3716 protuberantem
629 3634 761 3690 eontra
776 3633 887 3715 atque
908 3621 946 3696 in
965 3617 1157 3715 hydrope,

153 3737 374 3832 cunctisque
398 3734 478 3806 aliis
501 3710 642 3806 ventris
664 3734 894 3807 tumoribus.
916 3734 987 3805 Sed
1012 3735 1158 3810 numia

153 3851 265 3923 ascite
283 3865 478 3946 nunquam
494 3848 732 3948 protuberet,
749 3850 926 3948 quemad
943 3876 1058 3948 aquas
1073 3849 1160 3921 edu·

155 3967 292 4072 tendas
306 3966 481 4040 nonnulli
496 3964 692 4065 perierant
709 3967 1038 4074 protuberantem,
1052 3967 1165 4050 item·
