2816 5282
336 428 407 500 612
503 453 549 498 tut
575 450 723 499 sumus
748 449 792 496 m·
815 447 942 498 causts
968 449 1172 498 mortborum

334 589 418 662 qnae
436 565 618 636 continuo
631 564 825 651 dicentur,
841 563 995 662 insuper
1008 564 1109 636 lasis.
1117 552 1213 634 'Dum
1223 561 1299 632 enim

332 682 471 752 vulnus
495 707 537 754 ea
557 680 729 757 libertate
754 706 837 778 quae
859 679 1048 778 chirurgis
1074 683 1113 752 in
1141 681 1216 749 vivo
1236 701 1301 776 per·

232 869 235 876 .
331 801 442 871 missa
471 823 549 870 uon
580 797 728 889 fuisset,
749 799 981 896 penitissime
1017 800 1299 880 examinaremus;
1353 847 1354 850 η

328 916 421 1014 ligni
441 913 691 1016 fragmentum
721 914 1030 1014 parallelopipedi
1056 915 1196 1003 forma,
1211 929 1297 986 tenne

328 1033 507 1132 quidem,
539 1032 604 1106 sed
620 1033 769 1131 longius
805 1047 1019 1105 transverso
1052 1020 1156 1131 apice
1183 1028 1298 1101 minimi

325 1150 452 1249 digiti,
470 1150 627 1222 dimidio
638 1163 763 1221 autem
780 1151 905 1222 minus
914 1149 1052 1239 latum,
1068 1151 1139 1222 alte
1157 1149 1238 1220 adeo
1252 1145 1296 1216 ab

324 1268 463 1357 ditum,
491 1284 604 1367 atque
626 1268 675 1338 ita
698 1267 911 1356 intrusum,
930 1263 1166 1368 infixumque
1190 1265 1295 1364 depre-

322 1385 542 1475 hendimus,
564 1401 606 1456 ut
633 1409 713 1455 non
745 1385 816 1456 nisi
848 1387 886 1455 vi
909 1385 1010 1455 illata
1039 1387 1084 1457 iis
1111 1408 1202 1484 quos
1222 1383 1293 1454 dixi·

319 1527 422 1589 mus,
440 1500 670 1574 flectentium
683 1503 943 1574 musculorum
953 1501 1192 1589 tendinibus,
1208 1499 1293 1572 eximi

318 1620 400 1692 sine
423 1617 643 1690 difficultate
668 1620 842 1718 potuerit.
872 1625 927 1690 Eo
951 1620 1066 1717 igitur
1097 1617 1291 1718 fragmento,

316 1738 408 1810 dum
440 1737 572 1824 subiit,
600 1737 683 1809 iilos
711 1737 885 1810 tendines
915 1738 1011 1809 male
1033 1737 1181 1810 habitos
1203 1734 1288 1807 fuisse

313 1856 778 1957 intelligis‚posteaautem
793 1881 908 1953 quam
927 1855 1115 1947 subierat,
1132 1880 1198 1956 pus
1209 1849 1286 1952 quod

312 1999 496 2073 paucum,
520 1989 556 2046 et
575 1973 714 2046 ichoris
733 1969 810 2045 fere
827 1975 946 2046 simile
965 1975 1158 2048 evulnere
1176 1971 1284 2054 exibat,

311 2092 543 2180 coercendo,
562 2093 685 2164 acrius
701 2090 751 2163 ob
770 2117 914 2164 moram
942 2090 1168 2181 reddidisse,
1192 2111 1284 2185 eoque

308 2211 431 2310 aptius
448 2207 495 2280 ad
513 2209 597 2280 illos
615 2207 810 2295 tendines,
828 2225 892 2280 aut
910 2223 1010 2281 certe
1032 2209 1081 2280 ad
1099 2209 1200 2280 illum
1217 2209 1281 2276 nei·

304 2353 415 2416 vum,
431 2325 522 2397 dum
542 2327 697 2415 sensim,
725 2327 940 2425 sensimque
967 2327 1185 2415 exsultaret,
1206 2321 1280 2394 velli·

304 2445 479 2516 candum.
507 2449 621 2516 Erant
640 2469 742 2515 venae
768 2445 906 2542 passim
928 2457 1010 2516 tum
1028 2447 1197 2533 interna,
1220 2457 1277 2512 tun

300 2578 461 2634 externae
476 2560 611 2650 fluido,
627 2577 785 2661 atroque
803 2567 985 2662 sanguine
996 2563 1182 2652 distenta,
1197 2555 1275 2660 quod

299 2677 515 2765 thoracem,
549 2693 586 2750 et
620 2679 777 2770 collum,
810 2697 847 2752 et
877 2697 989 2780 caput
1030 2677 1275 2756 dissecantibus

295 2793 401 2868 facile
416 2792 487 2868 fuit
503 2797 823 2887 animadvertere,
843 2799 1008 2898 indeque
1036 2803 1147 2873 etiam
1165 2794 1271 2899 procli·

294 2917 376 2987 vius
403 2912 472 2986 fuit
500 2939 729 3014 cognoscere
758 2916 990 3015 cephalicam
1021 2944 1157 2991 venam
1181 2919 1215 2987 in
1235 2915 1269 2984 si-

292 3035 412 3105 nistro
429 3047 513 3104 artu
532 3058 610 3104 non
626 3033 742 3126 modo
759 3032 873 3126 infra,
894 3061 1022 3108 verum
1051 3041 1162 3109 etiam
1180 3053 1267 3130 supra

291 3151 461 3224 cubitum
483 3148 664 3240 defuisse,
694 3152 768 3224 nisi
793 3153 897 3250 quod
926 3179 1062 3253 supra,
1092 3154 1264 3233 levissima,

288 3271 581 3366 tenuissimaque
596 3269 677 3365 ejus
702 3269 941 3343 adumbratio
965 3274 1025 3343 vix
1050 3297 1121 3372 per
1141 3289 1262 3344 accura-

180 3467 183 3474 ,
285 3401 361 3457 tam
373 3401 631 3482 attentamque
639 3386 903 3460 dissentionem
917 3403 1064 3488 reperta
1082 3406 1145 3463 est.
1159 3385 1260 3484 Capite

283 3502 498 3575 avertebris
526 3503 710 3591 abscisso,
729 3504 825 3576 nihii
844 3531 947 3606 aquae
966 3533 1011 3580 ex
1032 3507 1162 3580 harum
1185 3499 1258 3577 tubo

283 3619 643 3718 defluxit3nihilque
661 3621 751 3693 item
770 3622 817 3694 de
835 3648 878 3696 ea
891 3622 960 3696 fuit
981 3627 1021 3697 in
1036 3626 1177 3700 cerebri
1186 3643 1255 3690 ven·

278 3736 446 3825 triculiS,
471 3738 511 3806 in
544 3737 683 3834 quibus
709 3739 910 3814 choroides
941 3743 1074 3841 plexus
1101 3769 1144 3816 ex
1170 3737 1252 3810 flisco

274 3852 506 3925 ruberrimos
514 3858 711 3953 conspexi,
730 3875 772 3929 ut
783 3857 994 3958 sanguifera
1005 3864 1251 3964 passimquam·

270 3970 434 4073 plurima
450 3973 599 4044 vascula
612 3975 651 4043 in
664 3976 882 4052 medullaris
899 3979 1046 4052 cerebri
1062 3973 1247 4054 substantia
