2854 4660
196 454 747 518 trr.1v.nrnonarscn1nuno.,
765 446 833 502 etc.
851 455 962 502 srrsr.
980 457 1027 503 m.
1057 433 1127 506 363

117 573 163 642 In
182 570 308 640 vicino
328 582 452 638 autem
473 567 625 639 sinistro
649 567 765 639 latere
790 567 917 640 colore
944 585 1023 642 erat
1042 573 1130 643 sub·

117 686 272 787 pallido.
290 691 393 756 Inter
411 709 571 756 crassam
589 687 805 782 meningem
821 701 856 758 et
875 701 1048 776 tenuem,
1074 704 1131 760 to-

117 823 201 878 tum
221 805 450 876 anteriorem
475 801 605 875 lobum
638 802 834 874 dexterum
864 820 1131 902 contegentes,

117 948 192 1023 pus
211 920 477 992 continebatur
498 945 576 992 non
598 921 777 1006 multum,
790 922 898 1017 cujus
916 923 1043 994 colore
1058 948 1134 996 am·

118 1041 176 1112 bar
197 1038 339 1110 ibidem
366 1038 562 1134 meningas
584 1035 729 1108 infectae
757 1055 873 1112 erant.
912 1043 956 1110 In
985 1039 1134 1112 cerebri

117 1156 358 1242 ventriculis,
379 1170 416 1228 et
434 1154 481 1224 ad
491 1156 637 1226 initium
648 1155 731 1228 tubi
745 1156 1004 1228 vertebrarum
1018 1183 1132 1256 parva

117 1274 269 1373 limpidi
287 1273 502 1371 seriportio
517 1272 721 1369 stagnabat.

170 1419 227 1491 29.
244 1393 454 1490 Repentina
466 1407 679 1462 suturarum
694 1391 913 1487 disjunctio,
931 1395 961 1464 si
980 1417 1130 1466 causam

117 1511 311 1598 attendas,
343 1510 422 1580 sine
457 1508 582 1605 aliqua
609 1507 756 1580 cerebri
781 1511 1030 1582 concussione
1052 1535 1131 1584 esse

114 1655 198 1702 non
222 1642 365 1726 potest:
381 1629 411 1698 si
429 1623 624 1712 effectum,
644 1651 724 1696 non
742 1627 1131 1702 sineviolentacrassae

118 1747 328 1846 meningis‚
348 1743 424 1817 illic
448 1746 566 1842 magis
595 1744 837 1833 adhaerentis,
865 1745 1130 1835 distractione,

116 1881 155 1940 et
177 1864 460 1936 annectentium
485 1861 731 1950 fibrillarum,
757 1887 799 1932 ac
815 1864 1053 1936 vasculorum
1080 1866 1132 1938 la·

117 1983 321 2054 cerationc.
347 1978 500 2052 Accedit
516 1977 591 2050 huc
604 1981 692 2076 puri
712 2005 757 2050 ex
778 1978 934 2052 vulnere
954 1981 994 2050 in
1014 1983 1131 2052 cranii

117 2124 251 2172 carum
270 2100 322 2170 sic
338 2099 465 2170 minus
481 2094 646 2168 difficilis
664 2111 790 2194 parata
810 2099 877 2168 via.
909 2101 995 2168 Non
1016 2100 1131 2196 igitur

118 2217 338 2290 mirandum
360 2216 471 2288 estin
495 2215 555 2286 his
574 2231 758 2311 quatuor,
782 2215 876 2286 etin
897 2215 967 2284 alia
990 2217 1131 2314 pariter

121 2362 210 2434 quae
232 2359 343 2433 supra
361 2332 414 2430 (ι)
432 2332 618 2429 descripta
640 2329 777 2412 fuerat,
801 2332 978 2404 Valsalvae
998 2333 1130 2404 Obser-

117 2453 353 2540 vationibus,
370 2450 438 2522 ubi
462 2466 597 2522 suturae
619 2450 778 2544 alicujus
807 2449 1009 2547 disjunctio
1038 2448 1129 2538 fuit,
1231 2529 1236 2542 ,

118 2597 239 2671 aegros
251 2571 455 2654 interiisse,
470 2570 581 2641 citius
597 2568 768 2666 quidem,
788 2584 852 2640 aut
871 2569 1005 2656 serius,
1022 2583 1059 2640 et
1077 2569 1130 2642 le·

117 2689 309 2776 rioribu5‚
327 2704 391 2760 aut
404 2685 639 2784 gravioribus
652 2683 806 2758 affectos
821 2687 929 2758 malis
938 2712 1009 2784 pro
1029 2688 1130 2760 varia

118 2826 202 2882 tum
231 2809 413 2905 cujusque
439 2805 686 2902 dispositione
701 2857 711 2892 ,
729 2819 809 2876 tum
824 2805 980 2876 aliarum
1000 2861 1019 2901 ,ι
1046 2831 1130 2904 quae

118 2942 220 2998 notae
241 2949 373 2998 omnes
388 2948 555 2996 essenon
571 2938 747 3020 possunt,
762 2923 1132 2997 circumstantiarum

120 3043 352 3116 conditione.
366 3047 420 3114 De
445 3039 605 3139 paralysi
615 3056 739 3112 autem
752 3041 970 3137 oppositum
984 3040 1132 3110 vulneri

119 3177 188 3234 aut
206 3161 453 3234 laesionilatus
476 3172 703 3255 occupante,
731 3159 912 3253 quoniam
927 3172 969 3226 ut
988 3157 1027 3226 in
1044 3155 1134 3226 duo-

119 3279 197 3352 bus
214 3279 320 3375 aegris
334 3276 495 3365 ultimis,
515 3277 567 3347 sic
586 3275 626 3344 in
645 3273 726 3344 aliis
752 3298 906 3370 quoque
926 3272 973 3343 de.
992 3271 1132 3369 quibus

120 3395 222 3470 infra
247 3395 458 3482 scribetur,
474 3394 654 3465 adnotata
674 3373 747 3477 est,
764 3387 921 3462 inferius
936 3389 992 3494 (a)
1005 3391 1131 3488 aliqua

120 3517 360 3612 attingemus.
382 3516 493 3584 Nunc
513 3537 533 3584 a
552 3512 675 3584 laxato
697 3511 826 3582 cranio
848 3508 893 3580 ad
912 3508 1130 3606 depressum

119 3635 330 3706 veniamus.
972 3618 973 3622 ¹

115 3805 1136 3833 ...w—*m

165 3914 208 3997 (¹)
230 3917 267 3972 N·
294 3935 340 3992 ¹9·

164 4015 211 4094 (a)
231 4017 270 4072 N.
294 4016 330 4084 tt
342 4027 371 4072 et
382 4035 443 4090 seq.
