2812 4656
258 411 332 496 abd
422 431 468 478 or
494 413 642 478 sturnus
667 429 712 476 rr
736 425 862 476 osusrs
887 427 1098 478 nouorum

141 578 144 587 ¹
258 572 348 637 nus,
364 546 555 644 Ingressiae
568 542 686 634 libro,
703 543 969 642 cognovissent
986 542 1281 616 Schelhammea

260 689 327 738 rus
343 679 381 735 et
392 663 600 750 scultetus,
618 677 655 732 et
672 663 738 759 qui
752 661 867 758 hujus
880 659 1157 734 observationis
1172 661 1283 734 sebo·

201 849 203 856 .
261 783 353 854 lium
371 782 413 852 in
432 779 680 880 Sepulchreto
700 779 869 867 addidit,
888 783 928 852 in
947 805 1024 878 quo
1042 781 1280 878 ceteroquin

263 914 407 972 nonest
416 923 485 970 cur
494 897 726 995 diligentiam
739 896 838 968 hanc
846 899 1101 995 requiramus,
1119 895 1280 995 quando

266 1041 338 1089 nec
352 1015 513 1087 sculteti*
528 1013 635 1086 locus
652 1029 824 1119 accurate
835 1012 1081 1101 describitur,
1101 1013 1281 1111 ponitur,

264 1159 339 1233 que
349 1135 499 1206 Riolani
513 1148 626 1232 caput
638 1131 671 1221 5,
681 1156 751 1231 pro
769 1131 811 1204 15
824 1158 834 1221 ;
845 1147 883 1203 et
893 1131 1047 1204 Sculteti
1061 1129 1280 1204 observatio

265 1253 313 1350 39
329 1277 401 1351 pro
421 1252 479 1326 31.
496 1250 584 1323 Vidi
607 1275 676 1348 ego
697 1252 806 1322 annis
834 1249 1095 1349 superioribus
1116 1275 1280 1358 genero-

263 1393 345 1444 sum
363 1370 566 1464 juvenem,
595 1391 680 1439 cum
713 1393 760 1440 eo
779 1369 846 1465 qui
865 1393 886 1438 a
908 1366 1055 1438 Platero
1084 1368 1125 1437 in
1147 1367 1280 1466 Sepul-

261 1486 394 1559 chreto
416 1486 470 1584 (1)
497 1485 744 1575 describitur,
777 1487 1007 1558 exteriorum
1039 1501 1275 1557 strumarum

264 1629 454 1692 numero,
473 1629 679 1702 earumque
699 1604 922 1703 multiplici,
946 1627 1174 1702 semperque
1193 1605 1277 1675 inu·

266 1721 324 1794 tili
352 1723 547 1794 curatione
565 1722 884 1820 comparandum,
913 1723 975 1793 cui
984 1703 1133 1806 tamen,
1150 1722 1275 1819 primo

264 1839 395 1914 saltem
420 1863 542 1928 anno,
578 1840 728 1912 nullum
747 1855 826 1912 erat
845 1840 1037 1912 'strumosi
1059 1841 1274 1912 mesenterii

261 1957 455 2058 indicium.
485 1956 557 2030 Sed
573 1983 698 2055 neque
717 1957 906 2046 Platerus,
935 1959 1001 2054 qui
1028 1971 1198 2054 poterat,
1220 1959 1274 2030 sui
1386 2035 1387 2042 χ

220 2099 225 2110 ·
262 2077 350 2174 aegri
365 2091 559 2165 ventrem,
579 2101 707 2174 neque
736 2100 806 2175 ego
829 2077 927 2164 mei,
948 2073 1039 2145 binc
1055 2075 1192 2172 procul
1212 2074 1271 2146 de·

138 2237 144 2254 ι
260 2195 377 2293 nique
392 2196 553 2283 mortui,
572 2195 790 2293 introspexi.
811 2198 892 2266 Hoc
910 2208 1038 2265 tamen
1057 2192 1165 2290 quod
1183 2217 1271 2291 pro·
1386 2256 1387 2266 ,

263 2312 365 2384 tinus
396 2312 641 2408 subjicietur,
659 2320 663 2332 ‘
680 2327 719 2384 et
748 2310 854 2409 quod
890 2313 978 2384 satis
995 2326 1062 2415 est
1096 2305 1292 2384 adversus'

262 2429 411 2500 Riolani
434 2431 474 2500 in
501 2429 861 2528 Anthropograpbla
887 2423 1203 2527 prononciatum,
1236 2431 1270 2538 in
1386 2414 1388 2501 ἶ

263 2547 336 2618 alio
355 2547 670 2621 meminividisse.

315 2688 371 2759 29.
400 2663 715 2738 Adulescentulus
742 2663 792 2736 ob
821 2679 983 2738 strumas
1017 2689 1100 2766 quae
1132 2665 1270 2738 collum
1386 2652 1387 2655 ¹

265 2780 524 2879 occupabant,
544 2783 583 2852 in
610 2783 834 2856 nosocomio
853 2782 927 2854 hoc
947 2782 1094 2854 obierat
1114 2783 1187 2854 sub
1206 2785 1271 2854 ini·
1386 2825 1387 2835 1

262 2901 357 2972 tium
376 2899 594 2973 novembris
614 2902 704 2972 anni
733 2899 835 2998 1715.
866 2899 1065 3002 cadaveris
1091 2901 1270 2998 quasdam

264 3016 353 3090 alias
378 3032 522 3116 partes,
543 3034 737 3090 anatomes
767 3018 893 3090 studio
922 3017 1079 3108 ductus,
1102 3033 1152 3090 ·et
1171 3009 1211 3091 in
1230 3021 1271 3092 iis
1386 3015 1387 3018 '

262 3137 531 3208 mesenterium
548 3160 634 3208 cum
657 3135 908 3225 dissecarem,
930 3136 970 3206 in
989 3161 1036 3207 eo
1056 3161 1136 3208 non
1159 3138 1269 3210 modo

264 3267 445 3325 strumam
465 3255 600 3342 ullam,
628 3253 755 3326 sedne
777 3254 891 3326 dunas
905 3252 1059 3352 quidem
1075 3255 1267 3352 glandulas

263 3369 499 3468 deprehendi
512 3398 519 3440 :
532 3383 569 3445 et
579 3374 750 3470 quamvis
764 3373 879 3470 paulo
888 3372 1267 3469 quamsoleant,sunt

264 3490 351 3558 visae
364 3487 545 3583 majores,
559 3489 605 3561 ab
625 3505 728 3562 aetate
746 3488 784 3560 id
801 3491 929 3589 potius
942 3513 1021 3562 esse
1032 3488 1098 3590 (a),
1117 3514 1264 3600 quama

264 3604 402 3686 morbo
414 3608 631 3690 existimavi.¹

261 3795 659 3831 W
695 3813 698 3818 1

301 3902 346 3983 (1)
366 3903 439 3960 Obs.
453 3899 516 3957 ead.
533 3901 549 3970 ς
564 3898 591 3955 3.

301 4000 345 4088 (1)
366 4002 436 4060 vid.
453 3999 555 4068 Heller
565 3997 604 4058 ad
616 3991 724 4062 Boerh,
737 3996 867 4072 preelect.
881 3999 897 4074 S
913 3995 983 4071 128,
998 4007 1063 4061 not,
1078 4014 1106 4054 a.

1384 3514 1387 3595 l
