2854 4660
101 417 109 430 '
164 439 235 488 mr.
251 439 301 486 ιν.
320 439 367 484 nr
384 436 521 486 uonnrs
533 437 730 503 cumano,
750 428 819 486 etc.
836 439 948 487 nrrsr.
965 441 1013 487 m.
1042 417 1110 516 397

100 551 271 625 Decebat
299 565 425 623 tamen
448 552 549 622 inter
572 565 722 622 caeteras
752 576 835 648 quae
867 554 1113 650 Sepulchreto

103 670 239 742 additae
254 685 360 759 sunt,
385 667 484 739 hanc
501 666 803 740 observationem
826 659 909 740 non'
926 673 1115 761 omittere,

102 811 176 860 nec
198 812 280 884 quae
306 785 353 858 ad
372 787 491 883 ipsam
513 783 649 880 adjecit
671 784 902 880 Ruyschius,
926 789 1113 860 'nimirum

104 905 342 1004 superiorem
358 917 503 1001 partem
526 902 657 973 orbitae
670 925 749 974 esse
770 903 864 976 adeo
882 919 1056 995 tenuem,
1079 923 1116 979 et

103 1021 296 1122 fragilem,
311 1036 354 1092 ut
369 1023 408 1091 in
428 1019 556 1091 multis
573 1020 779 1118 scriptoriae
793 1021 929 1094 chartae
953 1049 1032 1095 non
1051 1050 1115 1097 su-

103 1155 214 1240 peret
232 1139 471 1225 tenuitatem,
486 1139 523 1208 et
538 1135 724 1235 perforari
739 1139 819 1210 solo
839 1139 957 1238 digito
976 1144 1113 1238 possit:

103 1257 270 1354 ideoque
292 1255 425 1327 orbitis
445 1252 587 1326 inflicta
613 1255 771 1327 vulnera
796 1282 874 1327 non
902 1283 980 1331 csse
1000 1263 1114 1352 (utin

34 1393 42 1406 ·
104 1373 281 1474 pluribus
299 1370 434 1445 accidit
458 1395 590 1443 eorum
611 1365 703 1470 quae'
719 1377 1116 1476 commemoravimus)
1203 1357 1205 1366 Ι

103 1488 405 1578 floccifacienda,
426 1490 633 1588 prasertim
660 1491 690 1562 si
716 1487 835 1580 ferr0,
853 1507 918 1563 aut
933 1493 1038 1592 ligno
1054 1497 1114 1564 in-

103 1608 206 1681 flicta
230 1611 304 1681 sint
323 1631 403 1678 non
428 1606 583 1694 obtuso,
604 1623 669 1679 aut
691 1608 877 1680 vulnerati
895 1613 1115 1684 somnolen-

3 1759 4 1764 ’
102 1728 173 1816 tia,
191 1751 348 1814 nausea,
366 1722 490 1813 febre,
510 1726 709 1823 vertigine,
730 1726 975 1801 convulsione
993 1731 1114 1827 (adde

2 1859 3 1862 ’
103 1871 151 1916 ex
166 1843 332 1922 historiis
345 1841 606 1914 indicatisnon
626 1841 699 1912 levi
711 1845 842 1940 capitis
859 1843 1008 1935 dolore,
1029 1873 1115 1920 sen·

103 1986 216 2035 suum
244 1978 420 2060 torpore,
447 1959 630 2058 paralysi,
656 1958 805 2049 delirio,
828 1961 901 2032 alio
928 1965 1115 2058 ejusmodi

103 2080 377 2178 symptomatel
398 2078 663 2176 corripiantur.
692 2082 776 2149 Haec
800 2095 924 2150 autem
945 2082 1114 2154 animad-

103 2198 248 2285 versio,
278 2197 387 2269 sicuti
411 2219 689 2293 nonnunquam
709 2194 755 2266 ad
776 2196 986 2268 curandum
1016 2200 1115 2274 valet

103 2313 255 2388 terebra
280 2315 357 2386 ossi
386 2310 521 2386 frontis
549 2313 768 2412 tempestive
799 2313 982 2402 adhiblta,
1008 2317 1114 2414 quod

1 2472 3 2477 ·
103 2431 220 2504 altera
236 2431 373 2502 Borelli
387 2429 600 2504 observatio
616 2435 629 2512 ί
636 2438 669 2524 1)
683 2430 866 2520 ostendit,
886 2434 953 2520 ita,
968 2424 1011 2506 ut
1032 2435 1114 2533 plu·

103 2552 245 2622 rimum
259 2605 269 2639 ,
278 2552 383 2648 juvat
402 2547 533 2620 saltem
554 2548 601 2620 ad
619 2547 913 2647 praedicendum.
932 2554 982 2623 Ut
998 2553 1114 2650 pluri·

103 2667 407 2739 mumdicozetsi
417 2669 517 2738 enim
529 2667 1114 2754 caeterisuntmortui,hictamen

104 2783 213 2883 apud
229 2783 417 2856 Borellum
434 2785 563 2873 evasit,
580 2783 677 2854 et'cl.
692 2787 882 2856 Fautonus
898 2786 937 2853 in
963 2786 1113 2859 Scholio

105 2902 156 2976 ad
171 2904 335 3001 parentis
346 2902 650 2974 observationem
665 2901 741 2997 (a),
761 2926 843 3000 quae
857 2903 1116 3003 vulnerisqui-

107 3021 197 3093 dem
210 3021 328 3092 striati
337 3017 891 3117 corporisdisertementiouem
899 3021 1115 3111 nonhabet,

107 3135 176 3211 sed
200 3135 371 3209 eamdem
391 3160 469 3208 esse
498 3150 653 3232 apparet
682 3161 762 3232 quae
786 3160 899 3232 supra
917 3161 961 3206 ex
982 3138 1114 3234 Sepul-

107 3254 242 3327 chreto
262 3253 316 3352 (3)
334 3253 499 3325 indicata
520 3266 596 3340 est;
635 3253 792 3323 militem
810 3251 880 3323 sibi
891 3268 1025 3324 notum
1039 3279 1115 3326 me·

107 3387 252 3459 morat,
273 3372 340 3469 qui
351 3372 399 3443 ad
420 3372 613 3442 internum
635 3367 766 3441 orbitae
783 3369 965 3468 angulum
981 3377 1115 3446 acutis-

108 3613 297 3632 μ--ιι

151 3758 197 3837 (ι)
217 3761 255 3815 In
271 3758 371 3817 Schol.
389 3758 428 3816 ad
441 3759 491 3816 cit.
507 3763 522 3830 s
537 3777 570 3829 a,
589 3758 654 3816 obs.
671 3777 716 3829 17.

153 3879 198 3960 (a)
220 3878 268 3937 35.
488 3862 490 3870 '

153 3996 197 4078 (3)
221 4003 303 4071 510,
324 3997 388 4054 obs.
404 3993 431 4054 5.
