2854 4660
314 421 384 494 362
480 445 526 490 nn
552 443 699 492 sumnus
723 445 767 490 ar
793 443 917 492 cauus
943 443 1154 492 nonnosum

312 561 425 631 crassi
443 560 582 646 instar,
611 560 679 656 piae
707 559 876 656 meningi
901 555 1140 647 adhaerehat3
1173 561 1321 658 reliqua

310 701 397 776 pars
422 674 536 747 fluida
560 693 657 763 erat,
678 701 760 772 quae
786 677 847 746 vix
876 677 1107 747 semunciam
1137 677 1323 774 aequabat.
1423 669 1424 696 l

309 796 404 868 Huic
440 801 509 892 piae
541 795 727 890 meningis
758 794 928 890 portioni
972 794 1142 890 subjecta
1173 795 1324 866 cerebri

309 914 435 1013 portio
471 912 635 983 duorum
666 913 814 984 circiter
839 929 1145 984 transversorum
1190 913 1324 1010 digito·

309 1055 395 1129 rum
433 1046 514 1101 tum
534 1029 795 1126 longitudine,
836 1043 916 1099 tum
954 1028 1178 1116 latitudine,
1207 1033 1324 1102 unius

311 1132 436 1220 autem
472 1145 729 1246 profunditate
763 1147 809 1217 ad
847 1147 1082 1218 sublividum
1113 1146 1324 1218 inclinabat

311 1267 488 1337 colorem.
518 1271 700 1336 Caeterum
734 1265 887 1362 reliquae
907 1267 1023 1336 totius
1059 1263 1208 1336 cerebri
1236 1289 1322 1362 par-

308 1401 468 1458 tessanae
482 1381 636 1456 fuerunt
653 1385 682 1453 si
698 1407 859 1480 paucum
872 1408 996 1455 serum
1012 1383 1198 1479 excipias,
1218 1381 1321 1479 quod

310 1519 347 1574 et
362 1505 402 1573 in
421 1503 640 1574 ventriculis
658 1506 854 1574 inventum
877 1518 950 1590 est,
966 1517 1004 1573 et
1022 1501 1069 1573 ad
1086 1501 1239 1572 initium
1255 1503 1324 1598 spi·

308 1621 403 1692 nalis
422 1620 604 1691 medullae.

356 1739 412 1810 28.
428 1741 547 1811 Senex
568 1762 757 1810 annorum
784 1739 973 1836 sexaginta
989 1736 1036 1808 ab
1054 1737 1131 1808 alto
1150 1737 1319 1843 cadens,

307 1857 377 1930 sub
390 1857 616 1928 lambdoidis
634 1872 769 1929 suturae
784 1857 923 1954 angulo
943 1869 1056 1952 caput
1076 1854 1207 1926 allidit.
1239 1858 1319 1925 Pri-

306 2001 412 2048 mum
426 1978 692 2049 semimortuus
710 1975 818 2071 jacet.
840 1975 938 2044 Dein
956 1973 1111 2046 tandem
1133 1972 1181 2044 ad
1204 1998 1242 2044 se
1260 1998 1317 2043 re-

307 2096 436 2183 diens,
456 2095 502 2168 de
530 2094 620 2166 laesae
646 2094 763 2192 partis
789 2093 921 2164 dolore
942 2092 1220 2189 conqueritur:
1242 2116 1319 2188 quo

306 2229 515 2314 perstante,
543 2227 766 2283 nontamen
785 2210 986 2296 decubuit,
1012 2209 1134 2282 donec
1160 2225 1318 2308 quarto,

305 2347 370 2405 aut
392 2333 526 2428 quinto
542 2330 602 2402 die
619 2331 658 2399 in
678 2333 711 2400 S.
738 2331 861 2401 Mariae
881 2328 928 2399 de
947 2329 1032 2400 Vita
1048 2330 1317 2400 nosocomium

306 2473 344 2521 se
360 2449 530 2519 contulit.
547 2447 603 2518 Ibi
615 2473 694 2517 non
714 2447 829 2518 modo
847 2445 992 2544 specilli
1008 2448 1048 2516 in
1066 2445 1239 2517 vulneris
1256 2471 1319 2517 ex-

304 2566 535 2664 ploratione,
554 2565 618 2636 sed
636 2591 682 2636 ne
699 2567 862 2662 gossypii
874 2564 1028 2663 quidem
1040 2564 1080 2634 in
1094 2561 1314 2634 detersione

306 2698 521 2753 contactum
543 2681 686 2754 ferre'
661 2708 740 2756 sine
759 2683 880 2754 multo
905 2679 1036 2753 dolore
1053 2684 1190 2779 potest.
1210 2683 1317 2751 Circa

304 2791 404 2872 diem
422 2801 622 2916 septimum
644 2801 803 2900 paralysi
827 2801 1033 2896 corripitur
1048 2797 1245 2869 brachii
1218 2797 1318 2868 sinis·

304 2917 374 2988 tri:
399 2918 481 3005 cui,
497 2943 591 2990 vena
612 2925 736 3004 secta‚'
762 2933 908 3003 motus,
933 2916 998 2989 sed
1029 2941 1110 2987 non
1135 2916 1315 3002 omnino,

302 3036 520 3108 restituitur.
537 3039 605 3108 Hic
623 3061 719 3134 aeger
738 3037 785 3107 ad
801 3035 901 3106 diem
921 3059 1039 3134 usque
1059 3035 1151 3106 vixit
1176 3034 1313 3131 vigesi-

301 3179 407 3226 mum
419 3155 591 3242 tertium,
612 3179 690 3252 quo
710 3178 916 3252 soporosus
937 3152 1090 3224 interiit.
1115 3155 1217 3221 Dum
1239 3149 1314 3221 cal·

302 3273 403 3344 varia
420 3271 617 3343 secabatur
634 3275 733 3343 circa
757 3279 906 3368 tempus
930 3271 1149 3355 dexterum,
1169 3292 1244 3365 pus
1270 3291 1313 3338 ex

303 3379 404 3460 illius
424 3413 515 3460 cavo
542 3391 749 3462 emanavit:
771 3387 876 3487 quod
903 3403 940 3459 et
966 3389 1006 3456 in
1036 3387 1204 3457 vulneris
1228 3384 1314 3455 loco

303 3522 549 3604 conspectum
573 3505 717 3595 fuerat,
746 3507 836 3578 dum
857 3519 971 3604 caput
1003 3517 1312 3574 contrectaretur.

302 3626 389 3716 Quo
409 3623 494 3694 loco
512 3623 616 3694 nulla
641 3626 758 3695 cranii
789 3623 889 3695 laesio
915 3625 1070 3695 inventa
1091 3636 1146 3694 est
1176 3635 1311 3718 praeter

253 3722 256 3727 ¹
301 3739 527 3812 lambdoidis
545 3757 680 3813 suturae
697 3741 1001 3837 disjunctionem.
1030 3737 1240 3810 Cerebrum
1260 3735 1312 3806 ibi

301 3857 347 3929 ad
362 3859 458 3932 latus
470 3857 666 3930 dexterum
681 3859 788 3930 ulcus
814 3857 947 3929 habuit
965 3859 1061 3928 duos
1080 3871 1312 3928 transversos

301 3975 437 4073 digitos
457 3973 711 4076 profundum,
731 4001 752 4048 a
767 3977 869 4049 sanie
888 3973 995 4047 facile
1013 3975 1065 4047 sic
1080 3989 1310 4080 excavatum.
