<?xml version="1.0" encoding="UTF-8"?>
<!DOCTYPE html PUBLIC "-//W3C//DTD XHTML 1.0 Transitional//EN"
    "http://www.w3.org/TR/xhtml1/DTD/xhtml1-transitional.dtd">
<html xmlns="http://www.w3.org/1999/xhtml" xml:lang="en" lang="en">
 <head>
  <title>
</title>
<meta http-equiv="Content-Type" content="text/html;charset=utf-8" />
  <meta name='ocr-system' content='tesseract 3.04.00' />
  <meta name='ocr-capabilities' content='ocr_page ocr_carea ocr_par ocr_line ocrx_word'/>
</head>
<body>
  <div class='ocr_page' id='page_1' title='image "./desedibusetcaus03adelgoog_0417.png"; bbox 0 0 2784 5088; ppageno 0'>
   <div class='ocr_carea' id='block_1_1' title="bbox 166 402 1130 493">
    <p class='ocr_par' dir='ltr' id='par_1_1' title="bbox 166 402 1130 493">
     <span class='ocr_line' id='line_1_1' title="bbox 166 402 1130 493; baseline 0.001 -15"><span class='ocrx_word' id='word_1_1' title='bbox 166 427 240 478; x_wconf 79' lang='lat' dir='ltr'><strong>mr.</strong></span> <span class='ocrx_word' id='word_1_2' title='bbox 258 429 307 478; x_wconf 53' lang='lat' dir='ltr'><strong>rvr</strong></span> <span class='ocrx_word' id='word_1_3' title='bbox 324 431 371 478; x_wconf 77' lang='lat' dir='ltr'><strong>nr</strong></span> <span class='ocrx_word' id='word_1_4' title='bbox 385 426 522 476; x_wconf 80' lang='lat' dir='ltr'><strong>nornis</strong></span> <span class='ocrx_word' id='word_1_5' title='bbox 536 427 733 493; x_wconf 70' lang='lat' dir='ltr'><strong>canuno,</strong></span> <span class='ocrx_word' id='word_1_6' title='bbox 751 415 820 476; x_wconf 73' lang='lat' dir='ltr'><strong>etc.</strong></span> <span class='ocrx_word' id='word_1_7' title='bbox 841 427 952 475; x_wconf 79' lang='lat' dir='ltr'><strong>rrrsr.</strong></span> <span class='ocrx_word' id='word_1_8' title='bbox 968 427 1031 476; x_wconf 77' lang='lat' dir='ltr'><strong>nn.</strong></span> <span class='ocrx_word' id='word_1_9' title='bbox 1058 402 1130 493; x_wconf 65' lang='lat'><strong>413</strong></span> 
     </span>
    </p>
   </div>
   <div class='ocr_carea' id='block_1_2' title="bbox 57 536 1220 4050">
    <p class='ocr_par' dir='ltr' id='par_1_2' title="bbox 57 536 1220 4050">
     <span class='ocr_line' id='line_1_2' title="bbox 109 536 1132 643; baseline -0.002 -29"><span class='ocrx_word' id='word_1_10' title='bbox 109 536 227 616; x_wconf 82' lang='lat' dir='ltr'><strong>brevi</strong></span> <span class='ocrx_word' id='word_1_11' title='bbox 244 559 331 643; x_wconf 89' lang='lat' dir='ltr'><strong>post</strong></span> <span class='ocrx_word' id='word_1_12' title='bbox 349 557 520 641; x_wconf 83' lang='lat' dir='ltr'><strong>ternpore</strong></span> <span class='ocrx_word' id='word_1_13' title='bbox 543 565 657 612; x_wconf 84' lang='lat' dir='ltr'><strong>senex</strong></span> <span class='ocrx_word' id='word_1_14' title='bbox 674 539 770 628; x_wconf 89' lang='lat' dir='ltr'><strong>obit,</strong></span> <span class='ocrx_word' id='word_1_15' title='bbox 786 541 967 638; x_wconf 85' lang='lat' dir='ltr'><strong>vigesimo</strong></span> <span class='ocrx_word' id='word_1_16' title='bbox 983 542 1132 614; x_wconf 78' lang='lat' dir='ltr'><strong>circiter</strong></span> 
     </span>
     <span class='ocr_line' id='line_1_3' title="bbox 108 659 1131 756; baseline -0.003 -23"><span class='ocrx_word' id='word_1_17' title='bbox 108 659 253 733; x_wconf 88' lang='lat' dir='ltr'><strong>abictu</strong></span> <span class='ocrx_word' id='word_1_18' title='bbox 261 661 332 733; x_wconf 88' lang='lat' dir='ltr'><strong>die.</strong></span> <span class='ocrx_word' id='word_1_19' title='bbox 340 660 518 732; x_wconf 86' lang='lat' dir='ltr'><strong>Granium</strong></span> <span class='ocrx_word' id='word_1_20' title='bbox 533 672 611 730; x_wconf 89' lang='lat' dir='ltr'><strong>erat</strong></span> <span class='ocrx_word' id='word_1_21' title='bbox 619 659 1035 730; x_wconf 88' lang='lat' dir='ltr'><strong>crassissimum:crassa</strong></span> <span class='ocrx_word' id='word_1_22' title='bbox 1046 683 1131 756; x_wconf 93' lang='lat' dir='ltr'><strong>pro-</strong></span> 
     </span>
     <span class='ocr_line' id='line_1_4' title="bbox 109 774 1132 875; baseline -0.004 -25"><span class='ocrx_word' id='word_1_23' title='bbox 109 779 298 875; x_wconf 76' lang='lat' dir='ltr'><strong>portione</strong></span> <span class='ocrx_word' id='word_1_24' title='bbox 314 779 424 850; x_wconf 82' lang='lat' dir='ltr'><strong>etiam</strong></span> <span class='ocrx_word' id='word_1_25' title='bbox 443 777 710 848; x_wconf 87' lang='lat' dir='ltr'><strong>durameninx.</strong></span> <span class='ocrx_word' id='word_1_26' title='bbox 724 775 844 846; x_wconf 89' lang='lat' dir='ltr'><strong>Inillo</strong></span> <span class='ocrx_word' id='word_1_27' title='bbox 856 774 952 848; x_wconf 91' lang='lat' dir='ltr'><strong>nihil</strong></span> <span class='ocrx_word' id='word_1_28' title='bbox 970 801 1132 873; x_wconf 87' lang='lat' dir='ltr'><strong>usquam</strong></span> 
     </span>
     <span class='ocr_line' id='line_1_5' title="bbox 96 891 1128 993; baseline 0.005 -31"><span class='ocrx_word' id='word_1_29' title='bbox 96 897 222 984; x_wconf 63' lang='lat' dir='ltr'><strong>,vitii3</strong></span> <span class='ocrx_word' id='word_1_30' title='bbox 236 897 325 993; x_wconf 90' lang='lat' dir='ltr'><strong>quia</strong></span> <span class='ocrx_word' id='word_1_31' title='bbox 341 895 395 966; x_wconf 90' lang='lat' dir='ltr'><strong>ibi</strong></span> <span class='ocrx_word' id='word_1_32' title='bbox 409 896 535 982; x_wconf 87' lang='lat' dir='ltr'><strong>etiam,</strong></span> <span class='ocrx_word' id='word_1_33' title='bbox 548 893 614 976; x_wconf 89' lang='lat' dir='ltr'><strong>ubi</strong></span> <span class='ocrx_word' id='word_1_34' title='bbox 629 894 669 962; x_wconf 92' lang='lat' dir='ltr'><strong>in</strong></span> <span class='ocrx_word' id='word_1_35' title='bbox 682 893 830 966; x_wconf 84' lang='lat' dir='ltr'><strong>vivente</strong></span> <span class='ocrx_word' id='word_1_36' title='bbox 847 915 974 965; x_wconf 89' lang='lat' dir='ltr'><strong>rasum</strong></span> <span class='ocrx_word' id='word_1_37' title='bbox 988 891 1128 984; x_wconf 79' lang='lat' dir='ltr'><strong>luerat,</strong></span> 
     </span>
     <span class='ocr_line' id='line_1_6' title="bbox 111 1011 1132 1111; baseline -0.004 -25"><span class='ocrx_word' id='word_1_38' title='bbox 111 1029 226 1086; x_wconf 87' lang='lat' dir='ltr'><strong>extra</strong></span> <span class='ocrx_word' id='word_1_39' title='bbox 252 1015 431 1110; x_wconf 83' lang='lat' dir='ltr'><strong>intusque</strong></span> <span class='ocrx_word' id='word_1_40' title='bbox 447 1027 526 1084; x_wconf 90' lang='lat' dir='ltr'><strong>erat</strong></span> <span class='ocrx_word' id='word_1_41' title='bbox 546 1011 709 1083; x_wconf 89' lang='lat' dir='ltr'><strong>naturali</strong></span> <span class='ocrx_word' id='word_1_42' title='bbox 727 1012 865 1084; x_wconf 90' lang='lat' dir='ltr'><strong>colore.</strong></span> <span class='ocrx_word' id='word_1_43' title='bbox 893 1017 978 1083; x_wconf 84' lang='lat' dir='ltr'><strong>Haec</strong></span> <span class='ocrx_word' id='word_1_44' title='bbox 991 1014 1132 1111; x_wconf 88' lang='lat' dir='ltr'><strong>pariter</strong></span> 
     </span>
     <span class='ocr_line' id='line_1_7' title="bbox 113 1129 1133 1225; baseline -0.001 -22"><span class='ocrx_word' id='word_1_45' title='bbox 113 1133 331 1206; x_wconf 65' lang='lat' dir='ltr'><strong>sana„Non</strong></span> <span class='ocrx_word' id='word_1_46' title='bbox 361 1130 414 1202; x_wconf 93' lang='lat' dir='ltr'><strong>sic</strong></span> <span class='ocrx_word' id='word_1_47' title='bbox 440 1144 564 1200; x_wconf 85' lang='lat' dir='ltr'><strong>autem</strong></span> <span class='ocrx_word' id='word_1_48' title='bbox 592 1129 708 1202; x_wconf 87' lang='lat' dir='ltr'><strong>altera</strong></span> <span class='ocrx_word' id='word_1_49' title='bbox 728 1129 905 1215; x_wconf 90' lang='lat' dir='ltr'><strong>meninx,</strong></span> <span class='ocrx_word' id='word_1_50' title='bbox 932 1131 1041 1225; x_wconf 88' lang='lat' dir='ltr'><strong>cujus</strong></span> <span class='ocrx_word' id='word_1_51' title='bbox 1068 1155 1133 1202; x_wconf 83' lang='lat' dir='ltr'><strong>ex-</strong></span> 
     </span>
     <span class='ocr_line' id='line_1_8' title="bbox 110 1245 1132 1345; baseline -0.001 -25"><span class='ocrx_word' id='word_1_52' title='bbox 110 1249 255 1320; x_wconf 89' lang='lat' dir='ltr'><strong>teriori</strong></span> <span class='ocrx_word' id='word_1_53' title='bbox 285 1246 393 1318; x_wconf 85' lang='lat' dir='ltr'><strong>faciei</strong></span> <span class='ocrx_word' id='word_1_54' title='bbox 424 1270 500 1344; x_wconf 86' lang='lat' dir='ltr'><strong>qua</strong></span> <span class='ocrx_word' id='word_1_55' title='bbox 526 1269 707 1344; x_wconf 91' lang='lat' dir='ltr'><strong>percusso</strong></span> <span class='ocrx_word' id='word_1_56' title='bbox 720 1245 823 1318; x_wconf 55' lang='lat' dir='ltr'><strong>“loco</strong></span> <span class='ocrx_word' id='word_1_57' title='bbox 856 1247 1132 1345; x_wconf 79' lang='lat' dir='ltr'><strong>respondebat3</strong></span> 
     </span>
     <span class='ocr_line' id='line_1_9' title="bbox 111 1360 1134 1465; baseline -0.001 -27"><span class='ocrx_word' id='word_1_58' title='bbox 111 1365 332 1465; x_wconf 88' lang='lat' dir='ltr'><strong>pauxillum</strong></span> <span class='ocrx_word' id='word_1_59' title='bbox 357 1363 570 1436; x_wconf 83' lang='lat' dir='ltr'><strong>adhaerebat</strong></span> <span class='ocrx_word' id='word_1_60' title='bbox 586 1364 707 1450; x_wconf 85' lang='lat' dir='ltr'><strong>muci,</strong></span> <span class='ocrx_word' id='word_1_61' title='bbox 733 1387 778 1434; x_wconf 86' lang='lat' dir='ltr'><strong>ex</strong></span> <span class='ocrx_word' id='word_1_62' title='bbox 794 1360 891 1434; x_wconf 87' lang='lat' dir='ltr'><strong>flavo</strong></span> <span class='ocrx_word' id='word_1_63' title='bbox 912 1365 1058 1453; x_wconf 88' lang='lat' dir='ltr'><strong>viridis,</strong></span> <span class='ocrx_word' id='word_1_64' title='bbox 1078 1381 1134 1437; x_wconf 85' lang='lat' dir='ltr'><strong>te·</strong></span> 
     </span>
     <span class='ocr_line' id='line_1_10' title="bbox 112 1479 1133 1576; baseline -0.002 -20"><span class='ocrx_word' id='word_1_65' title='bbox 112 1484 271 1556; x_wconf 87' lang='lat' dir='ltr'><strong>terrimi</strong></span> <span class='ocrx_word' id='word_1_66' title='bbox 304 1479 444 1554; x_wconf 88' lang='lat' dir='ltr'><strong>odoris.</strong></span> <span class='ocrx_word' id='word_1_67' title='bbox 481 1482 523 1552; x_wconf 88' lang='lat' dir='ltr'><strong>Ei</strong></span> <span class='ocrx_word' id='word_1_68' title='bbox 548 1503 662 1553; x_wconf 89' lang='lat' dir='ltr'><strong>muco</strong></span> <span class='ocrx_word' id='word_1_69' title='bbox 691 1479 903 1576; x_wconf 88' lang='lat' dir='ltr'><strong>subjectum</strong></span> <span class='ocrx_word' id='word_1_70' title='bbox 932 1481 1133 1554; x_wconf 88' lang='lat' dir='ltr'><strong>cerebrum</strong></span> 
     </span>
     <span class='ocr_line' id='line_1_11' title="bbox 114 1598 1220 1698; baseline 0.004 -25"><span class='ocrx_word' id='word_1_71' title='bbox 114 1599 349 1698; x_wconf 82' lang='lat' dir='ltr'><strong>subnigrum</strong></span> <span class='ocrx_word' id='word_1_72' title='bbox 363 1599 447 1673; x_wconf 89' lang='lat' dir='ltr'><strong>fieri</strong></span> <span class='ocrx_word' id='word_1_73' title='bbox 461 1598 666 1697; x_wconf 79' lang='lat' dir='ltr'><strong>incipiebat</strong></span> <span class='ocrx_word' id='word_1_74' title='bbox 681 1612 787 1668; x_wconf 87' lang='lat' dir='ltr'><strong>tauto</strong></span> <span class='ocrx_word' id='word_1_75' title='bbox 807 1601 927 1696; x_wconf 89' lang='lat' dir='ltr'><strong>spatio</strong></span> <span class='ocrx_word' id='word_1_76' title='bbox 947 1617 1133 1697; x_wconf 81' lang='lat' dir='ltr'><strong>quantum</strong></span> <span class='ocrx_word' id='word_1_77' title='bbox 1218 1671 1220 1677; x_wconf 16' lang='grc' dir='ltr'><em>Α</em></span> 
     </span>
     <span class='ocr_line' id='line_1_12' title="bbox 116 1717 1132 1815; baseline 0 -25"><span class='ocrx_word' id='word_1_78' title='bbox 116 1719 200 1790; x_wconf 92' lang='lat' dir='ltr'><strong>duo</strong></span> <span class='ocrx_word' id='word_1_79' title='bbox 220 1719 422 1790; x_wconf 85' lang='lat' dir='ltr'><strong>transversi</strong></span> <span class='ocrx_word' id='word_1_80' title='bbox 437 1717 543 1815; x_wconf 86' lang='lat' dir='ltr'><strong>digiti</strong></span> <span class='ocrx_word' id='word_1_81' title='bbox 556 1739 864 1814; x_wconf 84' lang='lat' dir='ltr'><strong>quoquoversum</strong></span> <span class='ocrx_word' id='word_1_82' title='bbox 879 1717 1132 1807; x_wconf 85' lang='lat' dir='ltr'><strong>obducerent,</strong></span> 
     </span>
     <span class='ocr_line' id='line_1_13' title="bbox 116 1833 1133 1935; baseline 0.002 -27"><span class='ocrx_word' id='word_1_83' title='bbox 116 1861 193 1908; x_wconf 88' lang='lat' dir='ltr'><strong>nec</strong></span> <span class='ocrx_word' id='word_1_84' title='bbox 210 1833 438 1935; x_wconf 84' lang='lat' dir='ltr'><strong>profundius</strong></span> <span class='ocrx_word' id='word_1_85' title='bbox 458 1858 573 1932; x_wconf 89' lang='lat' dir='ltr'><strong>quam</strong></span> <span class='ocrx_word' id='word_1_86' title='bbox 596 1835 643 1906; x_wconf 90' lang='lat' dir='ltr'><strong>sit</strong></span> <span class='ocrx_word' id='word_1_87' title='bbox 659 1833 846 1907; x_wconf 86' lang='lat' dir='ltr'><strong>cortiealis</strong></span> <span class='ocrx_word' id='word_1_88' title='bbox 863 1835 1010 1907; x_wconf 88' lang='lat' dir='ltr'><strong>cerebri</strong></span> <span class='ocrx_word' id='word_1_89' title='bbox 1025 1837 1133 1910; x_wconf 88' lang='lat' dir='ltr'><strong>subs-</strong></span> 
     </span>
     <span class='ocr_line' id='line_1_14' title="bbox 116 1941 1133 2049; baseline -0.002 -21"><span class='ocrx_word' id='word_1_90' title='bbox 116 1951 252 2028; x_wconf 86' lang='lat' dir='ltr'><strong>tantia.</strong></span> <span class='ocrx_word' id='word_1_91' title='bbox 291 1941 390 2025; x_wconf 79' lang='lat' dir='ltr'><strong>Bene</strong></span> <span class='ocrx_word' id='word_1_92' title='bbox 420 1967 545 2027; x_wconf 88' lang='lat' dir='ltr'><strong>autem</strong></span> <span class='ocrx_word' id='word_1_93' title='bbox 576 1975 614 2024; x_wconf 91' lang='lat' dir='ltr'><strong>sc</strong></span> <span class='ocrx_word' id='word_1_94' title='bbox 637 1948 843 2028; x_wconf 78' lang='lat' dir='ltr'><strong>¹habebant</strong></span> <span class='ocrx_word' id='word_1_95' title='bbox 870 1951 1033 2049; x_wconf 86' lang='lat' dir='ltr'><strong>reliqua,</strong></span> <span class='ocrx_word' id='word_1_96' title='bbox 1061 1959 1133 2030; x_wconf 91' lang='lat' dir='ltr'><strong>nisi</strong></span> 
     </span>
     <span class='ocr_line' id='line_1_15' title="bbox 117 2070 1132 2172; baseline 0.001 -27"><span class='ocrx_word' id='word_1_97' title='bbox 117 2071 229 2172; x_wconf 92' lang='lat' dir='ltr'><strong>quod</strong></span> <span class='ocrx_word' id='word_1_98' title='bbox 239 2070 590 2146; x_wconf 80' lang='lat' dir='ltr'><strong>subrubeusserurn</strong></span> <span class='ocrx_word' id='word_1_99' title='bbox 601 2093 680 2141; x_wconf 89' lang='lat' dir='ltr'><strong>non</strong></span> <span class='ocrx_word' id='word_1_100' title='bbox 692 2093 856 2166; x_wconf 88' lang='lat' dir='ltr'><strong>paucum</strong></span> <span class='ocrx_word' id='word_1_101' title='bbox 866 2071 905 2140; x_wconf 91' lang='lat' dir='ltr'><strong>in</strong></span> <span class='ocrx_word' id='word_1_102' title='bbox 917 2070 1132 2146; x_wconf 90' lang='lat' dir='ltr'><strong>lateralibus</strong></span> 
     </span>
     <span class='ocr_line' id='line_1_16' title="bbox 115 2187 1132 2286; baseline -0.001 -24"><span class='ocrx_word' id='word_1_103' title='bbox 115 2189 343 2264; x_wconf 84' lang='lat' dir='ltr'><strong>ventriculis</strong></span> <span class='ocrx_word' id='word_1_104' title='bbox 354 2188 565 2276; x_wconf 86' lang='lat' dir='ltr'><strong>inerat,sed</strong></span> <span class='ocrx_word' id='word_1_105' title='bbox 576 2189 616 2258; x_wconf 91' lang='lat' dir='ltr'><strong>in</strong></span> <span class='ocrx_word' id='word_1_106' title='bbox 634 2211 680 2259; x_wconf 91' lang='lat' dir='ltr'><strong>eo</strong></span> <span class='ocrx_word' id='word_1_107' title='bbox 690 2188 774 2285; x_wconf 90' lang='lat' dir='ltr'><strong>plus</strong></span> <span class='ocrx_word' id='word_1_108' title='bbox 788 2189 855 2285; x_wconf 94' lang='lat' dir='ltr'><strong>qui</strong></span> <span class='ocrx_word' id='word_1_109' title='bbox 866 2187 1015 2260; x_wconf 88' lang='lat' dir='ltr'><strong>vulneri</strong></span> <span class='ocrx_word' id='word_1_110' title='bbox 1024 2189 1132 2286; x_wconf 79' lang='lat' dir='ltr'><strong>subji-</strong></span> 
     </span>
     <span class='ocr_line' id='line_1_17' title="bbox 57 2298 1124 2403; baseline -0.002 -23"><span class='ocrx_word' id='word_1_111' title='bbox 57 2365 58 2368; x_wconf 63' lang='lat'><strong>,</strong></span> <span class='ocrx_word' id='word_1_112' title='bbox 117 2298 302 2380; x_wconf 75' lang='lat' dir='ltr'><strong>ciebatur.</strong></span> <span class='ocrx_word' id='word_1_113' title='bbox 330 2309 374 2376; x_wconf 90' lang='lat' dir='ltr'><strong>In</strong></span> <span class='ocrx_word' id='word_1_114' title='bbox 388 2321 553 2402; x_wconf 92' lang='lat' dir='ltr'><strong>utroque</strong></span> <span class='ocrx_word' id='word_1_115' title='bbox 568 2305 700 2402; x_wconf 87' lang='lat' dir='ltr'><strong>plexus</strong></span> <span class='ocrx_word' id='word_1_116' title='bbox 713 2303 913 2386; x_wconf 85' lang='lat' dir='ltr'><strong>choroides</strong></span> <span class='ocrx_word' id='word_1_117' title='bbox 924 2304 1124 2403; x_wconf 87' lang='lat' dir='ltr'><strong>pallebant.</strong></span> 
     </span>
     <span class='ocr_line' id='line_1_18' title="bbox 169 2421 1127 2519; baseline 0 -21"><span class='ocrx_word' id='word_1_118' title='bbox 169 2452 229 2498; x_wconf 81' lang='grc' dir='ltr'><strong>ιι.</strong></span> <span class='ocrx_word' id='word_1_119' title='bbox 248 2425 418 2514; x_wconf 85' lang='lat' dir='ltr'><strong>Mulieri,</strong></span> <span class='ocrx_word' id='word_1_120' title='bbox 433 2424 612 2496; x_wconf 89' lang='lat' dir='ltr'><strong>comitiali</strong></span> <span class='ocrx_word' id='word_1_121' title='bbox 623 2423 760 2496; x_wconf 91' lang='lat' dir='ltr'><strong>morbo</strong></span> <span class='ocrx_word' id='word_1_122' title='bbox 771 2423 849 2519; x_wconf 86' lang='lat' dir='ltr'><strong>jam</strong></span> <span class='ocrx_word' id='word_1_123' title='bbox 864 2421 929 2494; x_wconf 89' lang='lat' dir='ltr'><strong>diu</strong></span> <span class='ocrx_word' id='word_1_124' title='bbox 940 2424 1127 2509; x_wconf 73' lang='lat' dir='ltr'><strong>obnoxiae,</strong></span> 
     </span>
     <span class='ocr_line' id='line_1_19' title="bbox 57 2540 1127 2642; baseline 0.002 -27"><span class='ocrx_word' id='word_1_125' title='bbox 57 2601 58 2608; x_wconf 13' lang='grc' dir='ltr'><strong>κ</strong></span> <span class='ocrx_word' id='word_1_126' title='bbox 115 2561 343 2642; x_wconf 86' lang='lat' dir='ltr'><strong>percussum</strong></span> <span class='ocrx_word' id='word_1_127' title='bbox 363 2542 419 2614; x_wconf 86' lang='lat' dir='ltr'><strong>est</strong></span> <span class='ocrx_word' id='word_1_128' title='bbox 440 2556 561 2640; x_wconf 88' lang='lat' dir='ltr'><strong>caput.</strong></span> <span class='ocrx_word' id='word_1_129' title='bbox 575 2543 688 2612; x_wconf 91' lang='lat' dir='ltr'><strong>Initio</strong></span> <span class='ocrx_word' id='word_1_130' title='bbox 703 2540 799 2613; x_wconf 92' lang='lat' dir='ltr'><strong>nihil</strong></span> <span class='ocrx_word' id='word_1_131' title='bbox 812 2541 900 2612; x_wconf 89' lang='lat' dir='ltr'><strong>mali</strong></span> <span class='ocrx_word' id='word_1_132' title='bbox 915 2542 1019 2640; x_wconf 91' lang='lat' dir='ltr'><strong>quod</strong></span> <span class='ocrx_word' id='word_1_133' title='bbox 1031 2558 1127 2618; x_wconf 86' lang='lat' dir='ltr'><strong>esset</strong></span> 
     </span>
     <span class='ocr_line' id='line_1_20' title="bbox 57 2659 1127 2759; baseline 0.008 -33"><span class='ocrx_word' id='word_1_134' title='bbox 57 2715 59 2726; x_wconf 83' lang='lat'>.</span> <span class='ocrx_word' id='word_1_135' title='bbox 116 2661 364 2732; x_wconf 86' lang='lat' dir='ltr'><strong>adnotatione</strong></span> <span class='ocrx_word' id='word_1_136' title='bbox 377 2659 557 2758; x_wconf 82' lang='lat' dir='ltr'><strong>dignum,</strong></span> <span class='ocrx_word' id='word_1_137' title='bbox 578 2674 618 2731; x_wconf 88' lang='lat' dir='ltr'><strong>ut</strong></span> <span class='ocrx_word' id='word_1_138' title='bbox 630 2660 660 2731; x_wconf 93' lang='lat' dir='ltr'><strong>si</strong></span> <span class='ocrx_word' id='word_1_139' title='bbox 678 2661 996 2759; x_wconf 82' lang='lat' dir='ltr'><strong>interrogaretur,</strong></span> <span class='ocrx_word' id='word_1_140' title='bbox 1021 2662 1127 2736; x_wconf 91' lang='lat' dir='ltr'><strong>levis·</strong></span> 
     </span>
     <span class='ocr_line' id='line_1_21' title="bbox 57 2777 1127 2875; baseline 0.007 -29"><span class='ocrx_word' id='word_1_141' title='bbox 57 2807 58 2846; x_wconf 79' lang='lat'>1</span> <span class='ocrx_word' id='word_1_142' title='bbox 117 2779 225 2850; x_wconf 88' lang='lat' dir='ltr'><strong>sima</strong></span> <span class='ocrx_word' id='word_1_143' title='bbox 244 2779 389 2866; x_wconf 88' lang='lat' dir='ltr'><strong>omnia,</strong></span> <span class='ocrx_word' id='word_1_144' title='bbox 422 2778 482 2849; x_wconf 90' lang='lat' dir='ltr'><strong>vel</strong></span> <span class='ocrx_word' id='word_1_145' title='bbox 519 2777 623 2850; x_wconf 88' lang='lat' dir='ltr'><strong>nulla</strong></span> <span class='ocrx_word' id='word_1_146' title='bbox 650 2802 729 2850; x_wconf 89' lang='lat' dir='ltr'><strong>esse</strong></span> <span class='ocrx_word' id='word_1_147' title='bbox 758 2779 1016 2875; x_wconf 90' lang='lat' dir='ltr'><strong>responderet.</strong></span> <span class='ocrx_word' id='word_1_148' title='bbox 1054 2783 1127 2854; x_wconf 90' lang='lat' dir='ltr'><strong>Sed</strong></span> 
     </span>
     <span class='ocr_line' id='line_1_22' title="bbox 57 2893 1218 2994; baseline 0.007 -30"><span class='ocrx_word' id='word_1_149' title='bbox 57 2925 58 2964; x_wconf 73' lang='lat'>1</span> <span class='ocrx_word' id='word_1_150' title='bbox 116 2896 265 2993; x_wconf 88' lang='lat' dir='ltr'><strong>aliquot</strong></span> <span class='ocrx_word' id='word_1_151' title='bbox 279 2897 420 2967; x_wconf 77' lang='lat' dir='ltr'><strong>‘exactis</strong></span> <span class='ocrx_word' id='word_1_152' title='bbox 438 2893 594 2994; x_wconf 88' lang='lat' dir='ltr'><strong>diebus,</strong></span> <span class='ocrx_word' id='word_1_153' title='bbox 616 2895 796 2992; x_wconf 86' lang='lat' dir='ltr'><strong>paulatim</strong></span> <span class='ocrx_word' id='word_1_154' title='bbox 821 2897 918 2967; x_wconf 86' lang='lat' dir='ltr'><strong>mala</strong></span> <span class='ocrx_word' id='word_1_155' title='bbox 941 2921 979 2969; x_wconf 87' lang='lat' dir='ltr'><strong>se</strong></span> <span class='ocrx_word' id='word_1_156' title='bbox 999 2915 1124 2971; x_wconf 63' lang='lat' dir='ltr'><strong>osten»</strong></span> <span class='ocrx_word' id='word_1_157' title='bbox 1216 2914 1218 2918; x_wconf 83' lang='grc'><strong>’</strong></span> 
     </span>
     <span class='ocr_line' id='line_1_23' title="bbox 57 3008 1126 3114; baseline 0.005 -32"><span class='ocrx_word' id='word_1_158' title='bbox 57 3071 58 3082; x_wconf 70' lang='grc'>,</span> <span class='ocrx_word' id='word_1_159' title='bbox 117 3012 231 3101; x_wconf 90' lang='lat' dir='ltr'><strong>dere,</strong></span> <span class='ocrx_word' id='word_1_160' title='bbox 248 3027 285 3082; x_wconf 90' lang='lat' dir='ltr'><strong>et</strong></span> <span class='ocrx_word' id='word_1_161' title='bbox 304 3035 491 3098; x_wconf 84' lang='lat' dir='ltr'><strong>crescere,</strong></span> <span class='ocrx_word' id='word_1_162' title='bbox 512 3008 626 3082; x_wconf 87' lang='lat' dir='ltr'><strong>febris</strong></span> <span class='ocrx_word' id='word_1_163' title='bbox 651 3012 815 3096; x_wconf 87' lang='lat' dir='ltr'><strong>intendi,</strong></span> <span class='ocrx_word' id='word_1_164' title='bbox 842 3014 1013 3110; x_wconf 85' lang='lat' dir='ltr'><strong>quaedam</strong></span> <span class='ocrx_word' id='word_1_165' title='bbox 1035 3041 1126 3114; x_wconf 85' lang='lat' dir='ltr'><strong>prae-</strong></span> 
     </span>
     <span class='ocr_line' id='line_1_24' title="bbox 116 3127 1124 3223; baseline 0.007 -24"><span class='ocrx_word' id='word_1_166' title='bbox 116 3142 224 3200; x_wconf 86' lang='lat' dir='ltr'><strong>terea</strong></span> <span class='ocrx_word' id='word_1_167' title='bbox 243 3129 348 3223; x_wconf 92' lang='lat' dir='ltr'><strong>quies</strong></span> <span class='ocrx_word' id='word_1_168' title='bbox 364 3127 544 3200; x_wconf 87' lang='lat' dir='ltr'><strong>accedere</strong></span> <span class='ocrx_word' id='word_1_169' title='bbox 573 3129 711 3200; x_wconf 88' lang='lat' dir='ltr'><strong>somnii</strong></span> <span class='ocrx_word' id='word_1_170' title='bbox 735 3131 852 3200; x_wconf 88' lang='lat' dir='ltr'><strong>instar</strong></span> <span class='ocrx_word' id='word_1_171' title='bbox 874 3131 1036 3221; x_wconf 86' lang='lat' dir='ltr'><strong>assidui,</strong></span> <span class='ocrx_word' id='word_1_172' title='bbox 1060 3135 1124 3206; x_wconf 91' lang='lat' dir='ltr'><strong>sed</strong></span> 
     </span>
     <span class='ocr_line' id='line_1_25' title="bbox 116 3243 1129 3333; baseline 0.006 -17"><span class='ocrx_word' id='word_1_173' title='bbox 116 3247 199 3317; x_wconf 86' lang='lat' dir='ltr'><strong>sine</strong></span> <span class='ocrx_word' id='word_1_174' title='bbox 213 3267 370 3333; x_wconf 88' lang='lat' dir='ltr'><strong>somno,</strong></span> <span class='ocrx_word' id='word_1_175' title='bbox 389 3259 452 3333; x_wconf 91' lang='lat' dir='ltr'><strong>ut,</strong></span> <span class='ocrx_word' id='word_1_176' title='bbox 473 3245 503 3316; x_wconf 90' lang='lat' dir='ltr'><strong>si</strong></span> <span class='ocrx_word' id='word_1_177' title='bbox 523 3243 755 3333; x_wconf 84' lang='lat' dir='ltr'><strong>attenderes,</strong></span> <span class='ocrx_word' id='word_1_178' title='bbox 780 3247 885 3316; x_wconf 91' lang='lat' dir='ltr'><strong>tenui</strong></span> <span class='ocrx_word' id='word_1_179' title='bbox 905 3269 997 3319; x_wconf 89' lang='lat' dir='ltr'><strong>voce</strong></span> <span class='ocrx_word' id='word_1_180' title='bbox 1020 3273 1129 3322; x_wconf 69' lang='lat' dir='ltr'><strong>mur·v</strong></span> 
     </span>
     <span class='ocr_line' id='line_1_26' title="bbox 116 3361 1127 3466; baseline 0.009 -34"><span class='ocrx_word' id='word_1_181' title='bbox 116 3376 334 3434; x_wconf 87' lang='lat' dir='ltr'><strong>murantem</strong></span> <span class='ocrx_word' id='word_1_182' title='bbox 346 3361 506 3434; x_wconf 88' lang='lat' dir='ltr'><strong>audires.</strong></span> <span class='ocrx_word' id='word_1_183' title='bbox 527 3363 586 3434; x_wconf 85' lang='lat' dir='ltr'><strong>Sic</strong></span> <span class='ocrx_word' id='word_1_184' title='bbox 596 3361 710 3434; x_wconf 92' lang='lat' dir='ltr'><strong>nullis</strong></span> <span class='ocrx_word' id='word_1_185' title='bbox 727 3377 792 3434; x_wconf 86' lang='lat' dir='ltr'><strong>aut</strong></span> <span class='ocrx_word' id='word_1_186' title='bbox 803 3364 949 3460; x_wconf 87' lang='lat' dir='ltr'><strong>primis,</strong></span> <span class='ocrx_word' id='word_1_187' title='bbox 965 3381 1030 3439; x_wconf 89' lang='lat' dir='ltr'><strong>aut</strong></span> <span class='ocrx_word' id='word_1_188' title='bbox 1041 3393 1127 3466; x_wconf 63' lang='lat' dir='ltr'><strong>pos⁴</strong></span> 
     </span>
     <span class='ocr_line' id='line_1_27' title="bbox 116 3477 1122 3577; baseline 0.008 -27"><span class='ocrx_word' id='word_1_189' title='bbox 116 3479 323 3552; x_wconf 90' lang='lat' dir='ltr'><strong>terioribus</strong></span> <span class='ocrx_word' id='word_1_190' title='bbox 355 3477 642 3577; x_wconf 88' lang='lat' dir='ltr'><strong>proficientibus</strong></span> <span class='ocrx_word' id='word_1_191' title='bbox 673 3480 844 3569; x_wconf 87' lang='lat' dir='ltr'><strong>auxiliis,</strong></span> <span class='ocrx_word' id='word_1_192' title='bbox 877 3499 1027 3556; x_wconf 87' lang='lat' dir='ltr'><strong>mortua</strong></span> <span class='ocrx_word' id='word_1_193' title='bbox 1057 3503 1122 3560; x_wconf 87' lang='lat' dir='ltr'><strong>est.</strong></span> 
     </span>
     <span class='ocr_line' id='line_1_28' title="bbox 116 3595 1185 3702; baseline 0.007 -34"><span class='ocrx_word' id='word_1_194' title='bbox 116 3597 286 3669; x_wconf 86' lang='lat' dir='ltr'><strong>Calvaria</strong></span> <span class='ocrx_word' id='word_1_195' title='bbox 305 3621 384 3668; x_wconf 90' lang='lat' dir='ltr'><strong>non</strong></span> <span class='ocrx_word' id='word_1_196' title='bbox 408 3595 523 3668; x_wconf 86' lang='lat' dir='ltr'><strong>modo</strong></span> <span class='ocrx_word' id='word_1_197' title='bbox 548 3599 684 3671; x_wconf 85' lang='lat' dir='ltr'><strong>rimam</strong></span> <span class='ocrx_word' id='word_1_198' title='bbox 702 3597 860 3688; x_wconf 89' lang='lat' dir='ltr'><strong>nullam,</strong></span> <span class='ocrx_word' id='word_1_199' title='bbox 881 3601 947 3673; x_wconf 83' lang='lat' dir='ltr'><strong>sed</strong></span> <span class='ocrx_word' id='word_1_200' title='bbox 964 3605 1024 3696; x_wconf 70' lang='lat' dir='ltr'><strong>vix</strong></span> <span class='ocrx_word' id='word_1_201' title='bbox 1050 3631 1127 3702; x_wconf 87' lang='lat' dir='ltr'><strong>qua</strong></span> <span class='ocrx_word' id='word_1_202' title='bbox 1182 3615 1185 3621; x_wconf 86' lang='lat'>&#39;</span> 
     </span>
     <span class='ocr_line' id='line_1_29' title="bbox 116 3711 1123 3802; baseline 0.014 -20"><span class='ocrx_word' id='word_1_203' title='bbox 116 3714 192 3786; x_wconf 87' lang='lat' dir='ltr'><strong>icta</strong></span> <span class='ocrx_word' id='word_1_204' title='bbox 209 3711 348 3802; x_wconf 83' lang='lat' dir='ltr'><strong>fuerat,</strong></span> <span class='ocrx_word' id='word_1_205' title='bbox 361 3713 539 3787; x_wconf 83' lang='lat' dir='ltr'><strong>nonnihil</strong></span> <span class='ocrx_word' id='word_1_206' title='bbox 556 3729 744 3788; x_wconf 87' lang='lat' dir='ltr'><strong>mutatum</strong></span> <span class='ocrx_word' id='word_1_207' title='bbox 761 3717 928 3790; x_wconf 87' lang='lat' dir='ltr'><strong>colorem</strong></span> <span class='ocrx_word' id='word_1_208' title='bbox 948 3723 1123 3799; x_wconf 86' lang='lat' dir='ltr'><strong>ostendit.</strong></span> 
     </span>
     <span class='ocr_line' id='line_1_30' title="bbox 118 3829 1127 3933; baseline 0.014 -33"><span class='ocrx_word' id='word_1_209' title='bbox 118 3831 163 3900; x_wconf 92' lang='lat' dir='ltr'><strong>Ei</strong></span> <span class='ocrx_word' id='word_1_210' title='bbox 182 3829 363 3904; x_wconf 85' lang='lat' dir='ltr'><strong>duntaxat</strong></span> <span class='ocrx_word' id='word_1_211' title='bbox 380 3831 466 3902; x_wconf 92' lang='lat' dir='ltr'><strong>loco</strong></span> <span class='ocrx_word' id='word_1_212' title='bbox 485 3846 620 3904; x_wconf 87' lang='lat' dir='ltr'><strong>mucus</strong></span> <span class='ocrx_word' id='word_1_213' title='bbox 646 3832 797 3905; x_wconf 88' lang='lat' dir='ltr'><strong>suberat</strong></span> <span class='ocrx_word' id='word_1_214' title='bbox 825 3836 1064 3933; x_wconf 88' lang='lat' dir='ltr'><strong>purulentus,</strong></span> <span class='ocrx_word' id='word_1_215' title='bbox 1085 3856 1127 3914; x_wconf 90' lang='lat' dir='ltr'><strong>ut</strong></span> 
     </span>
     <span class='ocr_line' id='line_1_31' title="bbox 117 3947 1127 4050; baseline 0.017 -35"><span class='ocrx_word' id='word_1_216' title='bbox 117 3947 159 4018; x_wconf 91' lang='lat' dir='ltr'><strong>in</strong></span> <span class='ocrx_word' id='word_1_217' title='bbox 175 3971 266 4022; x_wconf 91' lang='lat' dir='ltr'><strong>sene</strong></span> <span class='ocrx_word' id='word_1_218' title='bbox 281 3948 461 4040; x_wconf 89' lang='lat' dir='ltr'><strong>diximus,</strong></span> <span class='ocrx_word' id='word_1_219' title='bbox 475 3963 538 4020; x_wconf 88' lang='lat' dir='ltr'><strong>aut</strong></span> <span class='ocrx_word' id='word_1_220' title='bbox 556 3949 670 4050; x_wconf 87' lang='lat' dir='ltr'><strong>paulo</strong></span> <span class='ocrx_word' id='word_1_221' title='bbox 688 3952 784 4049; x_wconf 81' lang='lat' dir='ltr'><strong>plus·</strong></span> <span class='ocrx_word' id='word_1_222' title='bbox 807 3955 985 4026; x_wconf 84' lang='lat' dir='ltr'><strong>Praeterea</strong></span> <span class='ocrx_word' id='word_1_223' title='bbox 1000 3981 1046 4030; x_wconf 84' lang='lat' dir='ltr'><strong>ex</strong></span> <span class='ocrx_word' id='word_1_224' title='bbox 1063 3959 1127 4040; x_wconf 78' lang='lat' dir='ltr'><strong>¹in-</strong></span> 
     </span>
    </p>
   </div>
   <div class='ocr_carea' id='block_1_3' title="bbox 161 4450 189 4465">
    <p class='ocr_par' dir='ltr' id='par_1_3' title="bbox 161 4450 189 4465">
     <span class='ocr_line' id='line_1_32' title="bbox 161 4450 189 4465; baseline 0 0"><span class='ocrx_word' id='word_1_225' title='bbox 161 4450 189 4465; x_wconf 51' lang='lat' dir='ltr'><strong>S-</strong></span> 
     </span>
    </p>
   </div>
   <div class='ocr_carea' id='block_1_4' title="bbox 0 0 1409 5088">
    <p class='ocr_par' dir='ltr' id='par_1_4' title="bbox 0 0 1409 5088">
     <span class='ocr_line' id='line_1_33' title="bbox 0 0 1409 5088; baseline 0 0"><span class='ocrx_word' id='word_1_226' title='bbox 0 0 1409 5088; x_wconf 95' lang='lat' dir='ltr'><strong> </strong></span> 
     </span>
    </p>
   </div>
  </div>
 </body>
</html>
