2946 4662
281 373 352 466 488
446 399 493 446 us
520 391 665 444 sturnus
691 393 734 444 nr
760 391 883 444 ciuus
910 393 1119 442 noseorum

191 539 200 548 ·
281 511 517 612 implendum
551 511 678 582 locum
715 509 877 580 vitreum
915 508 1170 605 processisse,
1205 521 1288 596 tum

282 633 371 729 quia
382 630 423 702 hi
442 627 520 700 duo
535 627 716 698 humores
734 627 972 715 nutriuntur,
989 627 1148 698 nutritio
1162 639 1291 696 autem

282 762 346 820 est⁴
357 747 549 846 generatio
562 799 573 834 ,
588 791 592 802 ·
606 746 740 842 itaque·
760 759 803 814 ut
831 733 1118 832 nutriebantur,
1134 745 1194 815 -sic
1219 745 1292 813 ite-

281 887 368 936 rum
388 864 490 962 gigni
511 885 631 961 posse.
655 865 747 953 Quae
765 861 854 933 ideo
868 861 1030 960 protuli,
1054 859 1207 958 utquid
1224 859 1292 932 ex·

280 979 423 1081 pectori
439 979 487 1051 ab
499 979 564 1051 illo
577 980 775 1077 potuisset,
788 979 986 1050 existimes.
1001 980 1175 1075 Denique
1196 1002 1290 1048 cum

280 1098 511 1172 Theodorus
535 1095 805 1193 Kerckringius
831 1095 886 1192 (r)
917 1096 1054 1168 diserte
1083 1120 1292 1168 asseveras·

283 1234 409 1306 settse
428 1214 579 1288 cuilibet
593 1213 722 1286 oblato
744 1212 904 1285 animali
918 1221 1065 1313 passim
1082 1213 1293 1286 discindere

283 1334 411 1406 oculos
422 1377 441 1421 ,·
452 1337 659 1432 exprinere
674 1355 799 1402 omnes
813 1311 1006 1420 immores,
1023 1355 1161 1430 eosque
1186 1355 1293 1428 spec-

285 1454 468 1524 tatoribus
486 1448 847 1540 euam·aufhrendos
874 1447 1023 1520 tradere
1033 1503 1045 1537 ,
1074 1464 1190 1547 utque
1217 1455 1297 1519 cxi·

281 1587 357 1668 guo
371 1585 537 1667 tempore
554 1573 675 1640 visum
695 1572 733 1636 iu
748 1572 930 1664 integrum
945 1572 1136 1638 restituere
1148 1593 1157 1636 ε
1168 1607 1170 1610 -
1181 1566 1295 1664 idque

285 1685 495 1785 aliquando
517 1690 794 1756 exercitationis
820 1709 935 1756 eausa
962 1691 1017 1756 ita
1040 1685 1226 1777 effecisse,
1254 1699 1299 1754 ut

286 1811 354 1878 uui
386 1802 578 1901 eidemque
612 1809 700 1874 cani
730 1827 848 1874 unum*
874 1803 1118 1901 eumdemque
1145 1802 1297 1874 oculum

289 1927 397 1992 tertio
415 1920 737 2006 discinderet,·¹ac
766 1925 873 1992 tertio
904 1936 1058 1992 sanaret
1068 1949 1080 2008 ,·
1098 1945 1232 2018 xquerro
1250 1945 1297 1990 ex

283 2055 343 2128 te,
361 2041 391 2114 si
403 2021 533 2110 revere
548 2039 723 2112 omnibus
735 2037 1178 2137 expressishumoribus,
1194 2039 1297 2110 visus

291 2153 422 2230 revera
442 2164 491 2228 in·
504 2163 685 2254 integrum
702 2206 705 2216 ·
722 2158 1007 2242 restituebatur,
1040 2154 1167 2255 quaero
1188 2211 1198 2245 ‚
1236 2158 1297 2226 in-

293 2301 406 2374 quam
419 2315 431 2364 ‚v
448 2293 493 2347 ex
504 2274 674 2372 tesquid
698 2299 814 2346 causes
837 2297 918 2348 esse
935 2289 1064 2373 putes,
1077 2273 1299 2346 curtindus-
1332 2333 1335 2337 .

289 2395 353 2465 trii
370 2395 449 2490 ejus
464 2393 666 2462 anatomici
685 2417 771 2464 cum
792 2407 923 2464 caetera
941 2393 1067 2464 adhuc
1082 2417 1298 2464 memoren-

287 2527 448 2598 tur‚,res
462 2511 529 2580 ista
542 2511 676 2582 eximia
701 2535 777 2582 una
795 2509 889 2600 adeo
917 2535 939 2581 a
960 2511 1077 2610 longo
1099 2513 1183 2607 jam
1200 2525 1298 2582 tem-

143 2656 148 2664 ·
183 2693 188 2701 ,
293 2651 388 2728 pore
400 2627 571 2717 sileatur,
591 2644 635 2700 ut
650 2629 732 2724 ejus
748 2631 855 2724 quasi
872 2629 1137 2701 intermortua
1153 2652 1300 2700 memo

232 2761 234 2768 '
291 2748 370 2833 ria,
404 2768 453 2816 ne
484 2747 627 2818 mentio
651 2744 807 2842 quidem
830 2745 879 2817 ab
918 2747 1176 2820 eruditissimis
1208 2747 1298 2818 viris

290 2887 394 2936 nuuc
418 2859 544 2952 fiotin
561 2861 802 2934 recensendis
819 2864 980 2938 aliorum
1001 2866 1076 2938 huc
1096 2867 1299 2964 spectanti·

284 2981 363 3054 hus
380 2979 676 3079 experimentis?
780 3035 794 3042 ..

276 3143 280 3152 ·
338 3105 395 3188 41.
418 3099 474 3172 Ad
496 3099 577 3168 nasi
599 3111 722 3169 autem
749 3093 906 3172 vulnera
929 3117 1100 3200 spectent
1125 3101 1295 3200 quaedarn

290 3219 401 3290 etiarn
431 3242 476 3288 ex
504 3211 671 3286 mirificis
694 3213 768 3289 illis
796 3241 879 3316 quae
905 3217 952 3287 ad
978 3211 1177 3291 cerebrum
1212 3222 1297 3290 atti·

256 3359 261 3370 ·
286 3337 415 3407 nuisse
433 3331 574 3404 credita
594 3349 698 3424 sunt,
714 3337 816 3407 velut
830 3333 936 3434 quod
947 3335 995 3407 ad
1012 3335 1229 3435 Wepferum
1240 3338 1299 3435 (o)

288 3454 469 3550 scriptum
486 3465 548 3522 est¹
558 3448 670 3524 fuisse
689 3453 814 3550 Equiti
839 3453 984 3524 Polouo
1003 3452 1212 3544 inflictum,
1240 3479 1296 3528 se·

289 3573 378 3668 gitta
393 3568 449 3639 ab·
459 3559 538 3640 uno
558 3571 690 3667 eapitis
705 3569 820 3642 latere
838 3570 886 3642 ad
903 3571 1066 3644 alterum
1080 3575 1131 3644 sie
1148 3573 1300 3661 adacto,

328 3856 372 3934 (1)
394 3857 532 3934 Spicileg.
547 3866 625 3912 anat.
640 3857 706 3912 obs.
726 3835 791 3914 100ss

328 3953 370 4035 (α)
392 3957 519 4014 Exercit.
534 3958 728 4032 adurendo.
747 3966 785 4026 40
801 3957 851 4014 eit.
918 3993 922 4000 -
