2812 4656
269 380 342 482 296
424 405 469 454 ur
496 404 643 454 srumus
668 405 713 453 ar
737 405 863 474 causrs
887 407 1100 456 atomorum

269 520 376 590 nium
400 519 479 612 (1):
511 519 616 616 quod
648 519 696 590 ad
720 519 893 608 alteram,
926 520 1026 593 inter
1047 527 1282 594 recentiores

268 637 480 708 Heisterum
500 636 575 730 (a);
593 637 809 734 exemplum
834 639 941 736 apud
971 647 1178 738 utrumque
1199 636 1280 709 feli-

268 753 321 826 cis
348 755 552 826 curationis
580 755 761 826 invenies.
797 755 1116 852 Condylomatum
1150 772 1282 828 autem

268 870 464 942 muliebris
475 873 617 967 vaginae
629 897 716 943 eum
734 872 863 969 plures
877 875 1022 971 possint
1040 899 1120 948 esse
1138 899 1284 960 causan

268 1003 350 1060 tum
362 990 460 1060 inter
487 1013 549 1062 eas
563 1014 647 1086 quae
668 1015 689 1060 a
708 991 928 1087 primordiis
948 1008 1055 1080 sunt,
1074 992 1285 1092 quamdam

267 1105 461 1178 interdum
495 1131 575 1180 esse
607 1109 801 1205 suspicor,
822 1133 905 1206 qua
925 1111 1137 1207 cujusmodi
1152 1113 1224 1195 sit,
1242 1135 1287 1182 ex

268 1223 435 1320 subjecta
455 1225 651 1324 apparebit
668 1224 943 1300 observatione.

266 1402 269 1410 .
321 1340 377 1413 51.
396 1342 628 1440 virguncula
642 1367 763 1414 anuos
776 1359 864 1416 nata
876 1344 923 1416 ad
937 1345 1156 1442 quindecim
1171 1401 1181 1432 ,
1201 1371 1288 1417 cor·

271 1461 376 1558 poris
403 1458 536 1530 habitu
553 1459 699 1556 jamdiu
722 1461 957 1550 cachectieo‚
982 1463 1144 1558 graviori
1176 1463 1290 1534 deni·

263 1602 348 1676 ·que
371 1575 507 1647 morbo
534 1594 725 1675 correpta,
753 1593 942 1650 extremos
968 1577 1106 1675 hujus,
1133 1595 1171 1650 et
1198 1581 1289 1652 vita

272 1695 352 1768 dies
371 1680 477 1766 sicin
498 1697 677 1766 Patauino
697 1697 772 1794 egit
797 1698 1041 1785 nosocomio,
1062 1711 1105 1768 ut
1123 1723 1169 1768 ex
1193 1699 1288 1795 pul·

271 1839 431 1886 monum
450 1812 744 1886 inflammatione
755 1815 854 1885 mori
870 1814 1060 1888 videretur
1077 1814 1146 1887 sub
1163 1813 1287 1888 finem

272 1934 365 2005 anni
390 1931 491 2031 1750.
512 1931 681 2004 Thorace
709 1951 861 2030 aperto,
886 1932 1002 2029 hujus
1030 1932 1183 2032 quidem
1212 1934 1291 2032 by-

274 2053 392 2152 drops
417 2050 678 2150 deprehensus
695 2065 771 2140 est;
808 2051 848 2122 in
878 2051 1125 2150 pulmonibus
1154 2068 1289 2124 autem

274 2174 335 2244 vix
361 2171 570 2269 quidquam
597 2166 668 2240 fuit
694 2169 800 2266 quod
823 2170 903 2240 leve
924 2195 1058 2242 eurum
1074 2169 1290 2242 inflamma·

274 2293 390 2364 tionis
421 2287 608 2386 praeberet
633 2287 915 2358 indicium.'Ex
942 2303 1074 2360 ventre
1106 2289 1291 2386 genitales

273 2409 510 2508 potissimum
533 2420 657 2503 partes
679 2405 852 2476 detractae
883 2423 981 2477 sunt.
1007 2409 1175 2498 Quarum
1211 2431 1286 2505 ego

275 2541 501 2600 structuram
517 2549 602 2594 eum
622 2522 796 2595 studiosa
811 2524 1001 2619 juventuti
1020 2522 1286 2612 ostenderem,

274 2647 315 2716 in
337 2641 514 2715 omnibus
532 2639 649 2714 ferme
670 2641 879 2713 seeundum
891 2656 1069 2714 araturam
1091 2666 1129 2714 se
1144 2641 1289 2714 haben·

242 2785 244 2789 ·
275 2778 373 2834 tem:
392 2783 510 2858 pauca
527 2759 606 2830 haec
625 2784 708 2856 quae
724 2759 843 2830 aliena
861 2774 1005 2848 essent,
1024 2761 1286 2832 animadverti.

265 2879 334 2952 ‘Ad
357 2879 510 2950 alterius
537 2869 910 2975 Falloppianoe'tubae
942 2893 1152 2950 extremum
1180 2877 1289 2951 folia·

277 3023 386 3070 ceum
402 3010 481 3068 erat
496 2995 655 3091 hydatis.
676 2999 729 3064 Ex
750 2995 912 3066 urethrae
928 2993 1058 3068 osculo
1076 3021 1287 3096 corpuscu-

278 3117 357 3188 lum
384 3113 624 3214 prominebat
647 3112 861 3184 rubellum:
896 3115 1023 3212 quod,
1047 3117 1127 3213 ipsa
1152 3141 1287 3188 secun-

277 3234 368 3306 dum
393 3230 669 3330 longitudinem
690 3230 822 3316 incisa,
846 3231 942 3302 nihil
960 3231 1065 3302 aliud
1081 3257 1162 3304 esse
1187 3232 1285 3315 vidi,

276 3353 349 3422 nisi
366 3351 538 3420 intimam
566 3348 646 3441 ejus
675 3347 864 3433 tunicam,
898 3374 982 3446 quae
1006 3375 1096 3420 eum
1124 3375 1241 3448 supra
1264 3375 1286 3422 a

276 3467 455 3562 subjectis
481 3464 640 3535 vasculis
667 3465 849 3561 sanguine
875 3465 1046 3538 distentis
1069 3483 1148 3540 tota
1169 3470 1282 3567 nigri-

267 3599 396 3672 earet,
421 3585 495 3654 ima
514 3597 621 3678 parte
642 3605 680 3654 se
698 3598 908 3654 extrorsum
932 3585 1144 3673 invenem,
1165 3602 1282 3660 exsta-

264 3753 271 3760 .
421 3758 423 3760 ,

313 3861 362 3944 (ι)
378 3865 422 3922 De
437 3865 529 3922 abdit.
543 3866 638 3921 morb.
653 3877 682 3920 et
700 3876 796 3921 sanat.
813 3885 894 3924 caus.
909 3887 936 3928 c·
949 3867 999 3926 68.

313 3964 356 4042 (a)
377 3967 451 4040 Eph.
466 3969 504 4022 N.
520 3967 551 4024 C.
568 3976 645 4022 cent.
661 3967 695 4036 8,
710 3966 841 4038 obs.'67.
892 3969 894 3974 '
