2854 4660
304 435 375 506 330
468 461 515 506 on
541 459 686 506 sumnus
711 461 755 506 nr
780 460 904 508 ctusls
929 461 1139 510 moruorum

300 574 419 644 tieret.
441 576 654 670 Utrumque
679 589 805 646 autem
830 574 941 646 citius
964 571 1105 646 factum
1126 575 1244 648 estin
1268 601 1311 646 eo

300 689 367 786 qui
386 687 599 788 praefrigido
617 692 694 762 aeri
714 715 752 762 se
772 692 914 788 jugiter
932 691 1137 786 objiciens,
1158 715 1311 764 causam

299 806 476 902 praebuit,
492 791 535 878 ut
562 809 763 878 contractis
787 807 1035 880 exterioribus
1069 811 1183 895 vasis,
1228 809 1311 906 ‘plus

299 925 510 1020 sanguinis,
536 925 694 1021 ejusque
721 924 772 1026 ob
810 923 1018 998 cohibitam
1047 925 1310 998 insensibilem

297 1020 609 1138 perspirationem
624 1043 750 1136 minus
768 1041 945 1129 salubris,
965 1039 1126 1114 ferretur
1154 1067 1229 1140 per
1259 1045 1330 1112 in-¹

297 1159 446 1238 teriora.
468 1161 663 1232 Contraria
678 1184 833 1256 quoque
849 1173 1002 1234 externa
1022 1185 1131 1232 eausa
1150 1159 1309 1234 eosdem

297 1292 423 1377 potest
446 1276 612 1350 ’effectus
646 1277 885 1377 producere,
923 1279 1146 1376 sanguinem
1180 1281 1311 1350 conei-

298 1394 437 1483 tando,
455 1410 491 1466 et
506 1392 801 1484 fervefaciendO,
829 1410 871 1466 ut
888 1396 928 1466 in
945 1394 1025 1466 lilio
1046 1393 1244 1470 Theodori
1272 1422 1312 1470 ex

295 1510 368 1582 levi
391 1511 438 1582 ad
457 1512 619 1608 speciem
642 1511 800 1584 vulnere
821 1514 951 1611 ospitis
969 1528 1141 1601 mortu0,
1170 1515 1306 1602 sicuti,

296 1652 368 1700 nee
384 1629 464 1700 sine
481 1630 626 1700 ratione
637 1629 822 1702 Vallesius
841 1633 895 1726 (1)
913 1632 1081 1726 conjicit,
1099 1655 1189 1704 cum
1201 1647 1306 1728 post·

296 1769 410 1842 quam
429 1769 532 1816 nona
562 1745 624 1818 die
648 1744 770 1818 fuerat
783 1752 827 1816 e'n
853 1747 933 1820 sole
961 1763 1151 1835 versatur,
1183 1752 1306 1846 prima

295 1869 490 1936 accesserit
496 1864 621 1955 febris
636 1863 781 1934 decima
798 1863 868 1936 die.
880 1865 991 1954 Quod
1007 1868 1038 1938 si
1047 1890 1215 1962 quaeras,
1239 1891 1306 1940 cur

296 1981 342 2053 de
353 1980 516 2070 duobus,
532 2006 698 2078 quorum
712 1981 888 2054 historias
897 1984 1132 2080 seripdmm,
1142 1985 1175 2055 is
1190 2009 1307 2080 quem

296 2099 405 2172 citius
422 2097 536 2171 febris
552 2097 773 2196 prehendit,
794 2100 902 2170 nullo
917 2115 1050 2198 praeter
1066 2100 1166 2172 hanc
1184 2101 1306 2189 malm

294 2219 326 2287 is
339 2240 429 2290 vero
444 2241 559 2314 quem
575 2216 737 2303 tardius,
763 2231 820 2290 tot
844 2218 924 2290 aliis
942 2218 1169 2316 gravissimis
1198 2243 1302 2290 acce·

295 2333 473 2406 dentibus
492 2322 702 2404 ‘confectus
732 2335 805 2422 sit;
841 2335 1036 2432 multiplex
1073 2334 1303 2409 discriminis

294 2451 407 2547 hujus
428 2476 538 2522 causa
556 2465 680 2548 potest
698 2447 850 2532 afferri:
883 2452 1049 2548 primum
1070 2476 1179 2522 mora
1204 2454 1302 2551 ipsa,

295 2595 369 2666 qua
389 2585 425 2641 et
444 2571 552 2666 copia
572 2583 608 2640 et
625 2571 807 2665 pravitas,
827 2571 867 2641 in
888 2594 1001 2667 pure,
1021 2571 1196 2666 quamvis
1215 2596 1301 2642 cou-

294 2701 423 2773 cocto,
443 2686 585 2772 lateus,
610 2685 717 2758 facile
748 2702 855 2760 aucta
879 2703 934 2760 est
965 2685 1090 2760 effusae
1113 2691 1299 2761 materiae:

293 2803 430 2876 deinde
442 2804 512 2874 alia
532 2805 569 2874 iu
588 2805 661 2874 alio
683 2829 864 2903 corpore,
881 2805 1028 2902 aliaque
1042 2820 1147 2880 aetate
1160 2805 1298 2880 humo-

294 2947 399 3008 rum,
421 2936 458 2992 et
472 2923 637 3018 partium
655 2921 875 3020 dispositio:
894 2922 1060 3019 denique
1077 2923 1148 2996 alia
1167 2948 1189 2994 a
1208 2950 1299 2996 con·
1413 2955 1414 2964 ¹

288 3041 391 3138 jecto
414 3038 556 3138 lapide,
577 3040 646 3110 alia
672 3065 692 3109 a
716 3039 855 3122 baculo
887 3040 987 3112 illata
1016 3040 1206 3112 violentia.
1238 3044 1297 3114 Sic
1413 3031 1414 3040 ἵ

291 3158 389 3232 libro
403 3158 683 3255 Epidemiorum
702 3161 735 3227 V
744 3157 802 3252 (α)
816 3163 883 3254 qui
894 3156 1022 3255 lapide
1032 3162 1070 3226 in
1084 3173 1295 3258 eaputper·

290 3303 415 3348 cossus
421 3279 559 3367 fuerat
574 3301 599 3346 a
615 3274 842 3364 Macedone,
868 3275 972 3346 vides
999 3289 1042 3346 ut
1061 3299 1157 3347 voce
1180 3275 1293 3361 desti-

290 3408 389 3463 tutus
408 3407 500 3462 esset
508 3445 518 3478 ,
548 3408 589 3462 ut
615 3390 712 3462 nz'lzr'l
730 3397 881 3462 omnino
895 3391 1077 3480 landun,
1107 3406 1149 3462 ut
1175 3380 1292 3466 indre-

289 3525 410 3596 retur,
429 3508 468 3577 id
499 3523 554 3578 est
586 3509 808 3595 convulsor,
841 3508 1165 3606 quemadmodum
1192 3525 1289 3582 recte

326 3897 370 3973 (ι)
391 3898 505 3952 Comm.
520 3895 553 3950 in
569 3897 590 3950 1.
605 3914 633 3965 7,
651 3896 730 3969 epid.
744 3897 782 3953 ad
795 3916 832 3974 29
845 3907 874 3954 et
886 3897 918 3954 in
930 3900 950 3954 l.
966 3895 1001 3969 5,
1015 3897 1053 3954 ad
1064 3916 1114 3974 97.

325 3995 369 4072 (π)
390 3999 428 4054 Ν.
447 4005 483 4064 24
499 3995 579 4070 apud
591 3994 741 4062 Marinell.
