2812 4656
156 433 226 482 mr.
238 433 287 483 rr.
302 428 678 485 numerulscfflauac.
688 466 698 502 ‚
710 427 779 485 etc.
793 438 904 487 urrsr.
914 441 1011 488 xmx.
1042 439 1109 511 217

100 547 173 620 ‘uel
188 553 227 619 iu
241 549 480 622 aliovr'ecere
499 555 606 639 oriri,
631 549 737 647 quod
753 575 832 624 nos·
848 577 924 623 non
944 553 1115 624 semel‘iu

101 662 352 740 cadaveribus
385 664 666 739 observavimus.
698 668 920 740 Dominicus
949 668 1115 766 Gagliar·

98 779 141 851 di
162 781 268 880 (1)in
287 781 582 856 ¹dissertionibus
603 807 737 887 eorum
756 785 861 882 quia
880 785 1044 883 maligna
1059 782 1114 856 fe·

58 965 60 970 ,
99 897 167 972 bri
188 907 368 998 pereunt,
402 925 488 972 cum
508 899 635 973 ulcera
658 899 705 973 ab
725 899 970 974 erodentibus
997 899 1115 974 medi-

97 1017 286 1090 camentis
318 1041 401 1115 quae
438 1018 639 1091 vesicantia
662 1014 820 1109 vocarit,
850 1032 1001 1117 aperta,
1033 1017 1114 1116 ipsa

99 1153 260 1232 quoque
278 1159 474 1234 gangraena
494 1131 591 1206 affici
607 1135 813 1234 incipiunt,
833 1137 1000 1208 internas
1024 1155 1114 1234 gan·

98 1275 246 1350 graecas
258 1275 424 1352 persaepe
441 1252 611 1351 conspici
634 1249 854 1326 affirmabat.
868 1257 914 1325 Et
926 1251 1114 1352 Josepbus

97 1372 302 1444 Lanzonus
326 1367 381 1466 (2)
408 1369 655 1468 epidemieam
684 1368 903 1460 describens
934 1371 1114 1443 constitu·

96 1487 246 1559 tionem
266 1487 542 1562 Ferrarieusem
564 1489 838 1588 ann01729in
861 1489 1000 1588 apertis
1017 1505 1113 1560 non·

91 1603 299 1696 mullorum
320 1604 546 1704 corporibus
572 1629 670 1704 quos
692 1629 737 1678 ea
757 1603 872 1678 febris
903 1605 1111 1694 occiderat',

99 1722 203 1794 inter
228 1736 358 1799 caetera
374 1720 524 1821 aliquas
548 1721 718 1795 maculas
742 1721 875 1796 uvidus
892 1729 931 1794 in
949 1726 1037 1823 ursis
1055 1729 1114 1793 iu-

92 1845 320 1913 ·testr'norum
337 1845 470 1912 turico
489 1841 725 1914 memoravit.
740 1827 807 1914 'lb
823 1841 913 1931 alia,
933 1867 1016 1941 quae
1032 1841 1111 1914 uon

97 1957 287 2047 deerunt,
308 1958 479 2058 exempla
497 1957 662 2056 adjicito.

95 2121 98 2129 ·
151 2077 339 2151 ouuune
356 2089 560 2176 autequam
581 2075 697 2150 finem
723 2061 914 2150 scribendi
938 2074 1053 2165 facio,
1075 2091 1111 2149 te

98 2197 328 2268 miraturum
349 2219 428 2268 nou
446 2207 559 2294 puto,
576 2196 685 2267 initio
716 2194 923 2293 praesertim
943 2193 1112 2265 admoni-

99 2328 208 2404 tum,
223 2311 320 2384 nihil
333 2325 505 2412 repetere
516 2337 577 2384 me
590 2312 740 2384 relleex
753 2312 798 2384 iis
815 2335 899 2408 quae
911 2310 1011 2384 adre
1023 2311 1111 2384 alias

99 2431 250 2530 scripsi,
264 2430 796 2528 miraturum,inquam‚'non
817 2443 931 2528 put0.‚
948 2428 1053 2526 quod
1064 2428 1111 2500 de
1173 2445 1177 2453 '

92 2533 213 2622 certis
227 2547 455 2647 quibusdam
482 2545 652 2620 febribus
684 2535 828 2618 nullam
862 2545 925 2618 bic
951 2547 1112 2618 mentio-

92 2691 190 2740 -nem
219 2666 427 2763 injecerim.
452 2670 509 2738 De
533 2687 663 2738 earum
687 2663 877 2763 plerisque
908 2666 1025 2762 egisse
1051 2687 1112 2736 me

97 2786 190 2876 scis,
217 2807 305 2857 cum
338 2781 386 2856 de
415 2782 496 2858 aliis
527 2805 678 2882 agerem
718 2780 873 2855 morbis.
900 2783 1112 2856 Nonnullas

70 2899 73 2904 ’
95 2919 246 2990 tamen,
263 2917 306 2974 ut
321 2915 415 3000 puta
432 2893 655 2999 quinctanas
666 2953 693 2990 ‚„
704 2885 842 2997 et-quae
861 2899 1035 2998 longiora
1052 2899 1110 2969 in-

94 3019 252 3093 tervalla
270 3005 441 3109 habeut,¹
453 3040 514 3091 me
535 3016 655 3090 fateor
673 3041 753 3088 non
772 3017 985 3088 nominasse
1002 3043 1012 3104 ;
1041 3041 1108 3088 ne·
1208 3085 1221 3096 ,

95 3125 172 3238 que
189 3139 290 3211 enim
305 3134 404 3226 vidi',
427 3137 499 3208 nisi
519 3135 767 3234 septimanam
791 3134 975 3232 excipias,
1004 3158 1108 3236 qum,

95 3282 185 3346 cum
202 3258 378 3348 Bopsoniae
399 3253 597 3352 degerem,
625 3253 667 3323 in
691 3251 853 3323 Patricio
876 3251 959 3322 viro
980 3265 1108 3324 exacte

94 3372 337 3446 recurrebat:
366 3386 438 3446 nec
458 3372 505 3443 de
529 3371 603 3442 illis
627 3369 752 3440 dicere
779 3366 989 3468 quidquam
1017 3392 1108 3465 pos·
1153 3420 1157 3425 -

95 3517 201 3578 sum,
226 3492 300 3562 nisi
323 3489 430 3589 quod¹
455 3490 524 3560 etsi
549 3488 742 3586 quartanis
769 3483 848 3558 fere
882 3486 1108 3596 succedant,

94 3634 174 3680 non
193 3621 282 3682 sunt
301 3624 445 3694 tamen,
470 3621 513 3678 ut
539 3603 746 3703 aliquando
770 3601 910 3676 factum
942 3619 1014 3692 est,
1035 3629 1105 3702 pro
1193 3649 1195 3655 ,

128 3894 174 3971 (ι)
194 3895 271 3951 Dell’
283 3894 412 3950 informo
427 3889 545 3948 istruito
562 3909 593 3964 p.
608 3907 644 3960 a,
662 3891 738 3967 vegl.
755 3893 802 3952 3ο.

133 3992 175 4074 (a)
197 3997 266 4054 Act.
284 3995 322 4052 N.
339 3995 373 4051 C.
389 4002 461 4052 tom.
481 4011 514 4064 a,
532 3990 596 4048 obs.
615 4007 685 4068 ²09·
