2854 4660
186 471 251 519 rm.
272 473 321 518 rr.
340 471 387 517 nr
406 447 839 536 uuuurs‘cnmurc.,etc.
854 469 964 517 urrsr.
981 470 1013 516 u.
1041 445 1113 525 313
1208 506 1211 512 .

99 584 286 658 >tendine's
298 585 499 682 impositos
517 582 924 666 nimis'distentlendO,
950 585 1114 680 partium

110 707 153 774 in
171 729 264 801 quas
288 703 330 773 hi
346 702 543 786 desinunt,
569 699 734 772 motibus
765 699 1009 772 vehementer
1034 699 1115 772 offi-

110 822 240 892 ciunt:
261 821 387 916 itaque
405 820 446 888 in
461 816 608 890 duabus
627 841 708 914 quae
726 819 926 888 novissime
947 817 1115 890 indicatae
1206 807 1209 814 ¹

112 953 223 1024 sunt,
252 937 371 1032 Meryi
392 934 719 1008 observationibus
745 935 849 1004 nullo
875 935 990 1006 modo
1010 952 1117 1034 pote·

111 1045 283 1126 rantillae
297 1055 463 1124 moveri:
482 1054 670 1150 singulare
688 1067 812 1122 autem
829 1053 932 1124 estin
950 1078 992 1124 ea
1002 1077 1115 1149 quam

111 1170 267 1242 Richius
284 1171 342 1268 (1)
363 1171 546 1242 Lutetiam
565 1171 685 1257 misit,
705 1170 920 1241 sensibilem
946 1168 1116 1242 flexionis

111 1301 261 1360 motum
280 1289 319 1358 in
344 1313 453 1360 crure
477 1287 705 1375 substitisse,
740 1312 824 1357 cum
848 1313 934 1384 pars
958 1285 1115 1358 inferior

60 1385 84 1416 ⁸
112 1395 206 1480 ossis
238 1404 390 1477 femoris
418 1405 624 1504 plurimum
654 1421 749 1477 esset
783 1404 1016 1503 amplificata.
1046 1405 1118 1489 Sed

111 1525 234 1596 multo
252 1523 459 1596 mirabilius
480 1523 660 1621 estquod
684 1523 729 1595 de
755 1527 924 1594 Romana
945 1535 1117 1594 matrona
1212 1591 1216 1596 ,

113 1667 287 1714 summus
323 1643 556 1713 anatomicus
596 1642 728 1712 litteris
765 1639 956 1712 mandavit
988 1645 1118 1712 Eusta-

111 1760 221 1832 chius
235 1759 302 1857 (α)
329 1763 445 1830 Erant
467 1756 720 1830 illiinieriora
749 1755 902 1830 femoris
928 1759 1049 1855 capita
1080 1763 1118 1827 in

112 1898 260 1954 tantum
274 1897 455 1952 tumorem
476 1880 600 1966 elata,
622 1896 665 1950 ut
675 1885 754 1950 viri
768 1877 835 1950 vel
845 1885 1004 1950 maximi
1021 1884 1120 1976 capi-

113 2004 160 2069 tis
176 1997 470 2094 magnitudinem
486 1997 594 2092 louge
609 1997 859 2094 superarent,
871 1995 1118 2094 quemadmo-

112 2116 206 2186 dum
224 2115 320 2186 hanc
335 2115 494 2186 tumoris
514 2129 684 2184 naturam
699 2137 778 2183 non
795 2112 1036 2184 credentibus
1048 2137 1119 2192 ,cae-

111 2235 203 2304 teris
223 2233 378 2304 me'dicis
396 2234 518 2305 sectio'
532 2231 684 2303 tandem
703 2231 743 2301 in
773 2246 921 2301 mortua
943 2230 1117 2302 demons-
1209 2219 1211 2222 ⁵

111 2353 242 2439 travit;
261 2352 398 2422 mulier
421 2367 546 2422 tamen
565 2349 620 2419 ad
636 2373 762 2419 omnes
779 2346 1120 2446 partesfacr'le‘so-

111 2469 260 2565 luceque
286 2470 520 2558 mouebatur,
551 2493 633 2564 quae
654 2490 713 2538 res
738 2464 784 2536 ab
814 2465 1012 2538 Eustachio
1042 2469 1121 2536 ani·
1150 2540 1155 2550 ,

111 2586 328 2674 madversa,
345 2600 381 2656 et
401 2585 475 2656 boc
496 2587 607 2656 simul
625 2583 729 2681 quod
754 2609 796 2654 ea
820 2582 972 2655 femoris
1001 2585 1121 2681 capita

109 2711 179 2774 etsr'
196 2703 300 2774 adeo·
311 2702 455 2773 tumida
474 2726 519 2772 uc
533 2701 684 2798 turgida
689 2704 805 2792 facta
826 2717 966 2788 essent,
981 2701 1079 2771 nibil
1101 2743 1119 2756 -

109 2827 233 2892 minus
246 2820 458 2891 naturalem
464 2821 636 2914 figuram
653 2821 882 2905 retinebant,
903 2821 1049 2916 ipsum,
1067 2820 1120 2889 vi·
1209 2833 1213 2842 ‘

108 2953 222 3012 vente
243 2938 368 3009 adhue
391 2939 568 3024 muliere,
593 2936 640 3007 ad
675 2961 807 3006 verum
831 2915 1127 3032 essequendum'

111 3056 352 3156 perduxerat.
382 3055 477 3125 Scite
504 3054 619 3150 igitur
637 3057 789 3148 Meryus
819 3054 858 3122 in
891 3053 1025 3149 magua
1054 3053 1118 3123 illa

112 3175 294 3261 exostosi,
313 3197 427 3268 quam
444 3173 484 3242 in
505 3169 636 3241 iisdem
659 3169 844 3267 capitibus
868 3167 914 3238 ab
933 3170 1015 3265 ipso
1036 3169 1121 3240 des-

113 3287 273 3388 criptam
290 3289 403 3386 paulo
422 3302 506 3360 ante
525 3286 919 3370 commemoravimus,
948 3285 1122 3382 impossi-

110 3407 227 3479 bilem
247 3411 366 3478 cruris
388 3405 593 3494 flexionem
613 3419 742 3474 tuma
760 3401 980 3476 tendinibus
1008 3401 1120 3474 vehe-

112 3540 262 3596 menter
280 3524 472 3610 distentis,
493 3538 611 3594 tuma
631 3523 796 3619 capitum
818 3520 939 3618 figura
965 3519 1130 3620 deduxit,
1186 3558 1189 3564 ·

151 3878 197 3959 (ι)
219 3881 295 3955 Hist.
311 3881 347 3937 de
359 3883 471 3938 l'Aead.
484 3849 552 3958 roi.
567 3881 618 3956 des¹
628 3883 691 3952 Se,
703 3898 752 3936 an.
766 3878 856 3954 1739,
869 3876 934 3934 obs.
948 3887 1027 3933 auat.
1041 3884 1069 3944 4.

152 3995 197 4078 (α)
219 3999 264 4056 De
273 3992 479 4074 multitudiue,
491 4017 517 4056 c.
530 3997 559 4055 8.
