2784 5088
248 429 316 476 nm.
331 426 380 474 tv.
397 427 444 474 nn
458 421 594 473 moneas
611 421 808 488 cerauno,
826 414 895 474 etc.
910 425 1021 474 errsr.
1038 427 1102 474 nu.
1130 405 1200 494 445

194 557 372 616 naturam
394 563 445 612 se·
460 536 640 624 habente,
667 537 986 634 quemadmodum
1014 537 1096 612 fieri
1120 567 1205 641 pos-

195 663 296 748 sint,
316 658 471 729 min'ime
489 655 734 754 assequimur.
764 659 851 726 Haec
865 656 1027 751 majores
1049 683 1204 758 quoque

188 781 279 876 jure
293 775 504 871 meritoque
521 771 633 844 fuisse
644 773 819 861 miratos,
835 772 950 844 velex
961 774 1005 846 iis
1018 774 1204 876 intelliges

196 919 283 994 quae
295 891 516 976 insectione
535 887 606 962 hac
620 888 858 987 Sepulchreti
875 887 923 960 ad
939 890 1123 964 Salmuthi
1139 893 1205 966 ob-

193 1010 447 1084 servationem
468 1006 627 1114 (1),huc
644 1007 805 1078 maxime
828 1008 1096 1104 pertinentem,
1116 1011 1203 1084 ads-

199 1125 399 1222 cribuntur
409 1149 454 1198 ex
466 1125 712 1222 Berengario,
732 1147 798 1196 seu
812 1125 928 1196 mavis
944 1151 988 1196 ex
1003 1129 1204 1225 Carpensi,

197 1259 244 1316 ut
259 1244 409 1350 efficia
419 1239 552 1340 slaepius
567 1241 750 1330 vocitaut3
771 1265 854 1338 quae
871 1265 1025 1313 resnou
1044 1245 1206 1319 animad-

195 1385 307 1435 versa
342 1355 472 1431 fucum
509 1356 597 1432 fecit
628 1359 845 1445 recentiori,
878 1357 981 1430 haud
1015 1355 1205 1436 inerudito

195 1477 384 1575 alioquin,
399 1476 597 1574 chirurgo,
626 1477 692 1572 qui
711 1499 799 1547 cum
817 1479 1083 1574 Berengarium
1101 1478 1207 1553 dixis

198 1610 282 1694 set,
298 1596 469 1666 cranium
488 1595 529 1666 iu
555 1593 694 1666 suturis
708 1593 798 1691 ipsis
817 1589 975 1666 feliciter
1000 1596 1206 1694 aliquando

197 1709 432 1812 perforasse,
451 1711 654 1798 continue,
682 1711 789 1807 qnasi
812 1709 858 1782 de
878 1711 951 1783 alio
970 1713 1207 1810 loqueretur,

196 1830 302 1902 idem
316 1831 455 1927 pariter
477 1829 528 1900 ait
549 1824 678 1900 fecisse
705 1832 943 1924 Carpensem.
976 1829 1049 1902 Sed
1064 1857 1085 1902 a
1101 1833 1207 1906 tarda

129 1953 131 1958 ’
199 1961 289 2047 post
308 1949 423 2019 ictum
442 1961 564 2016 morte
585 1943 633 2016 ad
661 1945 892 2033 citissimam,
917 1961 960 2016 ut
992 1947 1032 2016 in
1065 1948 1207 2038 altera,

200 2088 318 2162 quam
339 2065 595 2162 promisimus,
607 2060 887 2150 observatione,
905 2064 1109 2138 veniamus.

255 2180 312 2254 25.
334 2181 472 2254 Mulier
488 2179 643 2268 rustica,
669 2204 738 2278 per
756 2179 872 2252 scalas
892 2205 1057 2279 praeceps
1073 2208 1209 2272 ruens,

201 2315 318 2398 caput
329 2298 424 2371 adeo
445 2299 607 2397 graviter
625 2295 809 2385 offendit,
829 2312 873 2369 ut
891 2298 995 2368 illico
1011 2298 1210 2397 loquendi,

202 2415 411 2505 sentiendi,
436 2431 474 2486 et
501 2430 625 2506 artuS,
661 2416 867 2513 praesertim
888 2412 1105 2507 inferiores,
1132 2443 1213 2490 mo-

200 2535 319 2608 vendi
333 2531 647 2613 facultateamtssa
657 2587 667 2621 ,
677 2534 897 2631 sanguinem
908 2559 928 2604 e
938 2533 1093 2606 naribus
1111 2551 1148 2608 et
1162 2536 1213 2608 al·

127 2647 128 2676 ³
200 2669 285 2726 tera
299 2676 390 2747 aure
402 2648 603 2724 effundens
618 2705 628 2740 ,
644 2652 743 2722 intra
758 2649 891 2722 horam
905 2653 1097 2724 moriatur.

256 2757 401 2857 Craitii,
418 2768 524 2868 quod
542 2769 703 2840 multum
717 2770 908 2866 sanguinis
922 2767 1030 2842 effusi
1048 2775 1216 2846 contine·

202 2885 424 2976 bat,.fracta
449 2901 528 2958 erat
556 2885 654 2957 basis
682 2889 722 2956 in
748 2901 1026 2976 transversum,
1052 2886 1213 2962 fractura

205 3005 258 3078 ab
286 3029 364 3076 uuo
383 3002 431 3076 ad
456 3004 615 3076 alterum
634 3003 731 3073 latus
756 3018 842 3080 ante
863 3027 946 3075 ossa
967 3019 1118 3102 petrosa
1145 3031 1214 3104 per

207 3125 363 3196 sinuum
397 3119 727 3220 sphenoidaeorum
773 3121 981 3217 posteriora
1015 3128 1215 3194 transeun-

208 3257 279 3327 te,
299 3253 336 3311 et
366 3262 470 3310 ossea
497 3251 676 3336 praeterea
713 3251 820 3332 parte
855 3251 999 3309 meatus
1038 3238 1216 3310 auditorii

208 3354 541 3430 cumanembrana
568 3354 739 3452 tympani
761 3355 908 3425 inaure
927 3353 989 3424 illa
1014 3379 1097 3454 quae
1128 3359 1217 3428 emi·

209 3482 313 3550 serat
345 3473 586 3570 sanguinem,
621 3471 801 3570 disrupta.
841 3472 1028 3546 Laterales
1064 3498 1217 3572 quoque

209 3592 317 3690 rupti
328 3603 436 3662 erant
445 3591 549 3662 sinus
559 3613 687 3661 crassae
698 3589 899 3687 meningis:
913 3604 950 3662 et
965 3607 1099 3688 praeter
1110 3592 1218 3681 alias,

211 3707 445 3784 cerebellum
466 3708 588 3804 ipsum
609 3704 785 3779 nonnihil
800 3705 939 3778 laesum.

255 3960 301 4046 ¹(1)
325 3963 388 4034 58,
407 3962 472 4020 obt.
490 3980 536 4020 ιο.
