2854 4660
330 391 402 474 400
497 409 544 456 nr
570 407 716 454 sanraus
741 409 786 454 nr
811 407 936 456 causrs
960 409 1168 460 noanoautt

329 524 370 594 in
397 523 512 593 cranii
539 545 685 592 caveant
704 525 929 618 perrexisse:
950 523 1055 620 quod
1074 540 1110 596 et
1129 522 1306 623 fragmenta

328 665 432 712 ossea
449 641 488 709 iu
505 639 596 727 bac,
615 655 652 710 et
672 639 867 712 vulnerata
890 639 1032 713 ibidem
1059 641 1202 714 cerebri
1223 641 1307 714 subs·

328 759 444 829 tantia
454 755 741 828 coulirruarunt.
755 758 890 848 Quoad
907 773 1031 830 autent
1044 759 1180 831 vulnus
1192 784 1251 858 per
1266 784 1307 830 ce·

328 873 482 946 rebruni
497 873 882 972 procederet‚frustra
901 875 1044 972 specilli
1055 901 1128 974 ope
1141 877 1308 974 quaesitun

329 1007 444 1080 esset,
475 991 580 1088 quud
614 993 665 1062 ob
692 992 839 1062 cerebri
864 991 1061 1072 inullitiem
1086 1018 1190 1089 aeque
1218 1015 1309 1062 novas

288 1113 293 1124 “
329 1105 474 1196 tacere,
509 1133 623 1205 qnam
657 1105 790 1178 betam
828 1109 1027 1180 ostendere
1062 1111 1160 1180 viani
1198 1121 1307 1208 posset

329 1230 491 1322 Dempta
517 1227 632 1323 igitur
657 1226 751 1296 dura
781 1227 977 1322 meninge.
1007 1242 1043 1296 et
1074 1228 1136 1324 pia
1170 1225 1310 1298 animad-

328 1369 450 1432 versa,
464 1368 547 1444 qnae
564 1345 603 1414 in
615 1345 805 1441 sincipite,
821 1343 1054 1416 iullaunnatoe
1072 1348 1189 1416 instar
1204 1345 1311 1442 partis,

330 1463 512 1560 sanguine
545 1461 736 1560 turgebat,
769 1477 849 1532 tum
880 1445 1099 1534 ventriculis
1126 1461 1311 1534 lateralibus

330 1582 485 1678 apertis,
503 1581 541 1650 in
560 1595 723 1676 utroque
750 1598 950 1652 concretus
968 1583 1139 1678 sanguis,
1158 1581 1221 1677 qui
1236 1606 1253 1652 e
1266 1604 1312 1648 ra·

330 1699 398 1786 sis,
413 1697 519 1769 l'acile
537 1699 620 1796 ipso
637 1698 793 1770 vulnere
820 1700 963 1796 ruptis,
995 1698 1206 1782 effluxerat,
1226 1719 1312 1769 cous-

330 1833 463 1916 pectus
484 1831 548 1888 est.
565 1819 618 1886 Ex
636 1815 680 1886 iis
700 1815 928 1888 redundasse
949 1817 986 1885 ia
1008 1831 1186 1912 quartani
1203 1813 1312 1884 ventri·

331 1932 474 2021 culum,
502 1935 647 2003 namin
674 1932 748 2003 hoc
770 1957 924 2031 quoque
955 1937 1125 2006 occurrit
1156 1928 1312 2030 ejusmodi

330 2055 501 2150 sanguis,
515 2049 722 2122 videbatur.

379 2170 438 2240 60.
458 2168 580 2242 Habes
605 2168 782 2240 Valsalvae
811 2166 1116 2256 observationes,
1136 2165 1209 2240 boc
1226 2165 1313 2238 etiarn

287 2346 298 2358 .
329 2287 448 2386 magis
461 2285 800 2374 commendandas,
823 2286 926 2384 quod
949 2288 987 2356 in
1015 2284 1196 2358 omuibus
1223 2283 1313 2356 leriae

331 2403 430 2492 dies,
446 2404 593 2475 horaeve
609 2403 793 2474 adnotatae
808 2419 912 2486 sunt,
930 2403 1069 2500 quibus
1086 2419 1154 2476 aut
1173 2413 1313 2502 sympto-

331 2536 451 2608 mata,
479 2536 542 2592 aut
570 2545 672 2594 murs
692 2521 898 2619 ingruerit:
926 2521 1031 2618 quod
1058 2522 1130 2594 etsi
1168 2518 1314 2602 medicis,

332 2637 594 2737 chirurgisque
606 2642 700 2712 scire
714 2640 874 2738 perutile
892 2657 966 2724 θείς
980 2655 1108 2710 tamen
1126 2641 1166 2710 in
1178 2639 1314 2712 aliorum

332 2755 504 2854 plurimis
521 2757 794 2830 desiderantur.
820 2762 963 2830 Nostrae
988 2781 1078 2830 veru
1104 2783 1153 2832 ne
1180 2773 1313 2828 numero

332 2873 487 2970 quidem
511 2888 601 2950 sunt
623 2899 708 2946 curn
738 2875 838 2946 illius
865 2874 1141 2974 comparanda.
1166 2881 1314 2948 Attamen

332 2993 420 3090 quia
439 2994 525 3066 satis
545 2993 692 3093 prolixa
704 2991 782 3064 bac
798 2992 956 3094 epistula
970 3010 1047 3082 est,
1066 2995 1107 3068 in
1130 2993 1314 3094 proximam

331 3111 559 3207 rejicientur.
582 3110 682 3184 Vale.
