2872 4660
286 482 328 564 14
452 497 498 544 nn
524 491 668 544 srnrnus
692 489 737 541 rr
762 487 887 542 crusis
910 489 1119 543 uoarcruu

280 615 435 685 ticatum
460 609 649 696 abiissem,
672 625 751 677 non
771 608 821 678 ita
841 609 968 680 multis
983 603 1188 705 interjectis
1205 609 1284 688 dla—

279 711 371 819 lrus,
401 727 551 815 accidit,
581 742 625 797 ut
653 725 802 798 mulieri
831 748 903 798 nec
935 728 1107 825 opinanti
1136 735 1284 804 cruenti

280 852 475 950 quidpiam
493 877 512 922 e
530 847 765 920 naturalibus
777 847 956 945 prodiret.
974 851 1144 922 Medicus
1157 867 1282 925 nutem

279 968 517 1069 praejudicata
537 968 716 1064 opinione
733 965 936 1054 adductus,
954 981 994 1038 ut
1013 968 1152 1039 molam
1174 971 1284 1042 citius

278 1083 1285 1184 deturbaret,rhedamconscendere‚etperinaequaliu,

279 1223 396 1302 atque
410 1221 540 1301 aspera
559 1203 640 1273 loca
658 1204 765 1298 equis
781 1202 976 1274 concitatis
995 1203 1049 1274 ire
1065 1205 1186 1299 jussit.
1208 1209 1284 1276 Dc·

278 1324 379 1394 lorea
396 1321 484 1392 in'dc
505 1321 744 1406 oboriuntur.
764 1323 929 1390 Domum
948 1318 1102 1390 reditur.
1126 1324 1285 1394 Mittun-

278 1439 410 1520 turad
438 1438 626 1510 medicum
654 1439 719 1534 qui
746 1437 946 1509 consulant
972 1437 1064 1534 quid
1082 1438 1282 1537 agendum.

186 1621 192 1630 ,
279 1562 348 1631 llic
362 1577 452 1628 vero
467 1558 662 1654 clysterem
677 1556 836 1653 imperat
848 1581 856 1625 t
870 1573 949 1653 quo
962 1556 1127 1644 redditu,
1142 1580 1180 1629 se
1195 1577 1285 1630 ven·

281 1693 425 1762 turum,
456 1676 650 1773 promittit.
679 1677 779 1744 Dum
802 1672 992 1760 redditur,
1015 1693 1090 1745 uua
1114 1691 1285 1750 mortuus

279 1783 413 1881 foetus,
442 1791 691 1888 secundaeque
720 1791 924 1886 ejiciuntur
947 1791 1049 1863 nulla
1067 1809 1153 1864 cum
1175 1793 1283 1866 mola.

279 1913 393 1985 Venit
415 1935 493 1982 non
514 1912 563 1981 ita
585 1909 706 1981 multo
727 1924 813 2008 post
832 1909 1010 1982 medicus.
1031 1913 1206 1982 Occurrit
1220 1927 1287 1982 an·

281 2029 365 2100 cilla
386 2028 433 2100 de
453 2053 527 2125 qua
543 2042 651 2098 antea
669 2027 812 2098 dictum
832 2042 901 2114 est,
919 2027 1129 2124 iisdemque
1147 2051 1288 2127 prope-

279 2145 438 2216 mudum
466 2143 591 2215 verbis
616 2146 768 2242 excipit,
790 2143 928 2241 quibus
950 2145 989 2214 in
1017 2164 1058 2215 re
1082 2163 1160 2214 nou
1178 2144 1287 2216 valde

282 2262 466 2349 absimili,
490 2277 533 2332 ut
551 2263 593 2331 in
612 2260 859 2358 Sepulchreto
883 2261 1091 2358 (1)habes,
1120 2262 1287 2336 medicos

282 2381 373 2450 olim
391 2380 537 2477 excepit
556 2402 644 2450 suos
661 2380 946 2476 generosissima
957 2381 1100 2450 Veneta
1113 2392 1287 2452 matrone

280 2498 420 2568 Helena
447 2495 494 2568 de
523 2495 737 2567 Mecenicis.
767 2495 911 2566 Ancilla
938 2496 1038 2566 euim
1067 2497 1129 2568 illa
1153 2496 1286 2570 foetum
1420 2566 1436 2581 ,

282 2614 500 2700 ostendens,
516 2637 563 2684 en
583 2611 699 2699 mola,
714 2615 857 2709 inquit,
875 2636 991 2710 quam
1010 2613 1100 2685 hera
1118 2616 1295 2714 gestabat,
1419 2655 1422 2698 ;

280 2753 374 2804 mea.
402 2737 572 2819 Foetum,
593 2755 699 2819 cum,
724 2746 765 2801 ut
782 2731 875 2819 dixi,
894 2728 1081 2821 abessem,
1100 2733 1286 2807 dissecare

280 2873 359 2921 non
382 2851 498 2949 potui.
514 2847 589 2920 Sed
608 2849 801 2946 gracilem,
821 2864 859 2920 et
875 2850 969 2919 nihil
988 2869 1098 2948 grave
1119 2851 1284 2925 olentem

280 2966 411 3053 luisse,
430 2964 537 3037 abiis
553 2967 619 3062 qui
647 2965 834 3054 viderant,
852 2963 999 3064 accepi.-

331 3085 363 3155 8.
380 3083 499 3156 Venia
515 3099 640 3155 tamen
657 3083 761 3183 digni
779 3098 867 3156 sunt
883 3084 1020 3155 medici
1031 3129 1044 3168 ,-
1060 3081 1131 3158 uisi
1152 3087 1181 3158 si
1201 3101 1285 3184 per·

280 3205 455 3278 tinaciam
475 3199 561 3274 falsa
585 3225 669 3272 cum
695 3202 877 3300 opinione
901 3203 1144 3300 conjungant.
1163 3196 1285 3276 Multo
1412 3285 1416 3294 ,

281 3319 519 3408 docilitatem,
537 3334 578 3390 ut
596 3320 779 3390 continuo
798 3318 985 3417 intelligas
997 3319 1137 3391 ibidem
1157 3323 1284 3394 inveni
1321 3368 1339 3388 r
1412 3371 1414 3379 .

281 3439 559 3510 alterum-anno
585 3453 685 3534 ¹7²¹·

329 3583 363 3654 9.
381 3561 504 3628 Factus
524 3574 637 3652 quem
653 3555 896 3624 immaturum
911 3568 948 3626 et
966 3569 1159 3628 mortuum
1176 3559 1285 3655 ejecit

280 3689 413 3759 mater,
430 3673 623 3745 historiam
640 3685 742 3742 nune
753 3671 902 3741 tertiam
918 3673 1060 3770 accipe,
1077 3696 1122 3746 eo
1140 3675 1285 3774 dignio.

279 3811 360 3865 tem
379 3809 461 3888 quae
482 3789 682 3885 diligenter
702 3786 907 3876 scribatur,
930 3790 1036 3886 quod
1058 3793 1156 3865 mela
1175 3794 1285 3866 simul

283 3937 1288 3974 Mum-”Q

321 4030 364 4108 (t)
385 4031 419 4084 L.
436 4027 468 4094 3,
485 4043 506 4080 s.
524 4023 622 4094 r1‚.in
636 4023 729 4083 schol.
745 4024 858 4099 penult.
872 4023 986 4084 adulti.
1003 4023 1051 4084 ts.
1162 4070 1167 4084 .
