2872 4660
173 452 241 521 sip.
270 449 325 498 111.
354 449 400 496 or
426 429 888 512 stourrsvrurr1s,ur1sr.
917 451 1045 498 xuvru.
1083 434 1125 517 41

122 569 204 640 lum
217 569 270 662 (1)
284 571 321 636 in
335 563 550 638 mulieribus
567 563 646 636 illas
665 580 733 640 aut
744 567 849 656 solis,
875 585 943 640 aut
968 573 1133 639 maxime
1178 551 1182 559 ¹

122 686 230 784 gigni
256 685 421 782 scripsit,
453 684 518 758 sed
543 685 654 758 etiam
673 685 773 758 inter
789 665 1019 759 recentiores
1039 692 1133 758 Har-

125 801 241 874 derus
259 801 317 898 (a)
334 802 519 899 ejusmodi
541 808 742 902 quicquam
760 829 809 875 ex
827 806 928 876 bruti
941 819 1046 876 utero
1067 830 1133 876 ex·

124 935 265 992 eretum
287 935 400 1018 negat
419 945 456 992 se
476 928 724 1021 conspexisse,
755 938 939 1022 rogatque
962 938 1134 1012 caeteros,

126 1053 170 1111 ut
184 1044 219 1108 si
234 1037 329 1136 quid
352 1038 400 1112 de
417 1037 474 1112 his
500 1056 730 1139 compertum
745 1041 935 1129 habeant,
966 1042 1033 1114 vel
1046 1041 1136 1112 olim

125 1162 394 1255 experiantur,
403 1157 558 1257 publico
578 1161 722 1258 sibique
734 1187 810 1232 non
827 1160 1026 1234 invideant.
1047 1161 1134 1232 Non

126 1301 186 1347 me
199 1272 314 1373 fugit,
333 1275 372 1344 in
401 1277 624 1374 gallinarum
647 1280 727 1350 ovis
749 1279 825 1352 sive
854 1279 1032 1368 exclusis,
1059 1279 1135 1351 sive

125 1395 165 1464 in
184 1395 313 1464 ovario
335 1392 564 1468 haerentibus
580 1396 700 1467 molas
717 1394 829 1470 fuisse
846 1413 1038 1496 repertas,
1057 1411 1137 1470 uta
1155 1441 1161 1452 ·

125 1512 352 1584 Vallisnerio
366 1512 449 1611 (3),
480 1529 549 1585 eta
566 1515 795 1588 Gottwaldio
814 1515 880 1611 (4).
898 1520 943 1587 In
964 1513 1137 1615 perfectis

125 1645 253 1733 autern
284 1656 366 1728 quae
391 1647 545 1723 vocant,
569 1633 690 1705 brutis
716 1633 962 1722 animalibus,
983 1633 1030 1708 de
1052 1637 1138 1734 qui-

125 1748 199 1820 bus
223 1748 414 1822 Harderus
441 1751 591 1824 videtur
618 1752 750 1851 loqui,
779 1777 858 1824 uon
879 1753 1029 1826 inficior
1059 1777 1138 1825 esse

126 1865 285 1940 fortasse
305 1869 475 1968 exempla
495 1895 605 1968 posse
623 1869 698 1945 hoc
718 1871 824 1972 quod
844 1899 914 1971 ego
936 1870 1142 1972 productu-

128 2011 193 2092 rus
227 2012 333 2075 sum,
360 1988 630 2092 ilnchoameuto
667 1991 945 2064 luculentiora:
981 1991 1019 2060 in
1034 1999 1141 2087 prie-

129 2107 250 2180 sentia
279 2107 406 2179 tamen
429 2101 561 2206 legisse
589 2134 668 2180 non
696 2110 881 2182 memini:
909 2124 945 2180 ot
973 2108 1143 2206 quamvis

131 2223 408 2297 eruditissimus
420 2227 479 2298 vir
493 2225 585 2322 ajat,
603 2231 640 2296 in
659 2248 779 2298 vacca
798 2233 910 2298 etiam
926 2225 1066 2296 molam
1082 2248 1145 2296 oe·

130 2341 331 2414 sioalarem
352 2342 616 2416 Vallrsnerium
635 2344 867 2445 descripsisse
873 2372 886 2431 ,·
904 2345 943 2414 in
961 2367 1053 2415 cane
1066 2339 1143 2412 lor-

131 2475 229 2534 tasse
247 2459 368 2532 voluit
384 2459 531 2550 dicere,
550 2461 590 2532 iu
610 2487 685 2561 qua
704 2487 833 2535 revera
847 2459 1043 2558 descripsit
1061 2455 1142 2559 (5);

131 2608 149 2645 a
173 2576 240 2650 sed
255 2577 465 2674 ejusmodi,
482 2593 525 2652 ut
549 2581 629 2677 ipse
655 2581 701 2652 sit
730 2577 847 2652 lassus
868 2575 1023 2684 difficile
1040 2564 1142 2674 judi*

132 2725 149 2762 n
175 2697 274 2782 cari,
299 2721 392 2766 num
414 2711 511 2768 esset
542 2695 668 2795 aliqua
697 2712 831 2795 praeter
852 2710 1024 2770 naturam
1055 2717 1144 2794 pro·

135 2841 152 2880 s
180 2811 311 2886 ductio
328 2828 415 2886 nata
433 2839 478 2886 ex
494 2815 592 2885 uteri
607 2814 813 2887 substantia
829 2845 859 2885 s.

187 2929 243 3002 15.
264 2931 402 3002 Catella
421 2956 505 3028 quae
521 2932 714 3005 multoties
731 2945 910 3032 peperat,
927 2928 992 3003 sed
1010 2928 1143 3014 binos,

137 3047 241 3121 haud
260 3049 406 3146 plureS,
422 3048 806 3147 singulispartubus,
832 3073 918 3120 cum
936 3062 1146 3140 ante-men·-

139 3190 217 3242 sem
236 3191 365 3238 acano
388 3168 501 3255 inita,
526 3165 678 3265 gravida
699 3165 795 3240 lacta
812 3165 1054 3252 crederetur,
1076 3187 1146 3236 no-

180 3501 224 3584 (o)
246 3506 291 3562 De
305 3515 435 3582 generat.
451 3505 570 3562 animal.
585 3507 604 3560 l.
621 3511 654 3577 4,
668 3524 694 3562 c.
708 3524 737 3576 7.

181 3603 224 3682 (a)
245 3600 321 3680 Eph.
334 3606 370 3661 N.
387 3607 420 3661 C.
434 3605 499 3661 dec.
515 3623 547 3674 α,
563 3608 599 3662 Α.
612 3623 648 3673 2,
665 3605 728 3662 obs.
747 3604 814 3662 185.

183 3701 226 3784 (3)
248 3705 364 3780 Opere,
382 3716 453 3760 tom.
471 3724 546 3778 1,p.
561 3705 597 3775 3,
618 3723 688 3782 pag.
709 3703 780 3776 126,
800 3715 829 3761 et
841 3715 915 3762 tom.
938 3723 970 3776 a,
987 3724 1018 3780 p.
1032 3721 1066 3777 2,
1082 3721 1150 3781 pag.

147 3821 220 3876 212,
233 3825 264 3861 u.
281 3803 333 3876 16,
349 3815 378 3860 et
392 3823 462 3880 pag.
475 3809 548 3874 240,
565 3823 594 3859 n.
609 3823 639 3878 9.

186 3903 231 3981 (4)
250 3905 327 3978 Eph.
340 3907 377 3960 N.
392 3907 425 3961 C.
440 3905 504 3964 deo.
521 3906 556 3975 3,
572 3907 609 3960 Α.
623 3923 642 3980 9
660 3915 690 3959 et
709 3904 842 3975 10,obs.
861 3900 931 3975 157.-

188 4001 229 4085 (ὅ)
251 4007 364 4082 Opere,
380 4016 452 4064 tom.
468 4023 501 4081 α,
514 4024 545 4084 p.
562 4015 691 4079 a,rers.
706 4001 804 4066 finem.
