2854 4660
300 312 310 352 Ι

240 404 307 448 mr.
323 399 370 448 iv.
386 403 433 448 ur
447 368 794 462 moriturarum„
814 391 882 448 etc.
896 399 1006 448 rrrsr.
1024 401 1070 449 ιι.
1101 379 1173 477 359

163 515 228 588 illu
246 529 506 600 excrementa,
527 537 612 584 eum
634 512 674 582 hi
693 537 787 610 pure
800 530 973 602 nunant,
994 530 1030 586 et
1049 521 1169 606 sanie,
1251 602 1253 606 ,
1349 525 1358 547 “

163 659 247 732 quae
263 634 375 704 Paraei
389 629 447 729 (1)
466 631 677 704 observatio
695 629 785 720 fuit3
804 630 890 702 satis
904 631 983 702 haec
1001 637 1173 706 circumi·

161 755 218 824 tio
234 751 424 848 sanguinis
437 749 547 821 docet
559 748 631 845 (α),
648 773 730 847 quae
743 749 897 822 alteram
907 775 1060 848 quoque
1073 753 1170 848 ejus-

137 955 140 958 ·
162 870 251 942 dem
271 867 344 964 (3),
360 883 501 966 utque,
518 881 560 937 ut
579 867 667 938 alias
684 867 846 938 aliorum
867 869 1058 957 omittam,
1076 895 1172 968 prae-
1238 872 1257 888 '

163 989 327 1074 claram,
349 1011 470 1084 nuper
493 984 540 1056 ab
566 986 890 1084 experientissimo
913 987 1102 1058 Benevolo
1119 988 1171 1084 (4)

161 1105 329 1176 additam
356 1103 656 1186 observationem
680 1103 849 1176 illustrat.
884 1106 949 1176 His
966 1121 1093 1176 autern
1115 1131 1173 1178 ex·

161 1221 430 1319 plicationibus
445 1247 524 1292 non
546 1237 600 1294 est
617 1221 748 1307 locus,
772 1221 958 1318 siquando
975 1219 1173 1294 fatiscenti·

160 1338 237 1410 bus
250 1354 389 1409 uaturae
405 1338 568 1423 viribus,
589 1339 728 1410 vulnus
749 1340 930 1410 siccatur:
948 1339 1051 1436 quod
1067 1363 1170 1411 coru·

159 1479 353 1542 niernum,
368 1472 409 1526 ut
424 1455 536 1551 hujus
555 1480 710 1554 quoque
726 1512 735 1544 ,
761 1459 860 1527 inter
874 1459 1169 1558 superiorapro-

158 1575 295 1672 positi,
309 1572 446 1661 indicii
461 1571 642 1656 fallaciam
661 1596 800 1646 caveae

212 1697 270 1778 24.
289 1693 390 1781 Quas
405 1693 606 1764 novissime
627 1693 790 1790 produxi
806 1691 985 1764 Valsalvae
1005 1706 1170 1790 quatuor

160 1809 468 1898 observationes3
496 1811 526 1882 si
550 1835 663 1880 unam
696 1811 856 1907 excipias
879 1835 985 1906 quae,
1012 1826 1053 1882 ut
1084 1827 1169 1882 ante

159 1927 245 1998 illas
266 1928 429 2024 prolata,
463 1929 605 1998 nullam
626 1927 736 1999 offert
762 1929 878 1999 cranii
909 1928 1097 1999 laesionem
1122 1929 1169 2000 ad

159 2046 342 2116 interiora
363 2047 613 2144 pertinentem
631 2098 640 2132 ‚-
659 2047 782 2143 ipsum
809 2059 873 2115 aut
902 2045 1081 2136 laxatum,
1106 2061 1170 2118 aut

158 2162 406 2260 depressum,
435 2180 498 2236 aut
517 2163 666 2252 fissum,
686 2162 871 2250 fractum,
893 2166 1044 2234 erosuin
1067 2163 1170 2234 exhi·

157 2279 266 2362 berit.
294 2285 497 2378 Pergamus
514 2283 628 2380 igitur
654 2282 743 2352 alias
758 2279 970 2352 describere
998 2296 1170 2378 spectan-

158 2415 218 2470 tes
231 2397 277 2468 ad
293 2399 440 2496 singula
460 2401 528 2470 ista
544 2400 739 2471 laesionum
759 2421 907 2495 genera.

213 2512 269 2586 25.
281 2515 703 2616 Mulierquinquaginta
717 2539 918 2605 annorum,
930 2515 1020 2586 dum
1035 2517 1074 2585 in
1088 2516 1170 2614 ripa
1186 2495 1191 2520 ’

159 2631 328 2703 fluminis
348 2631 495 2704 indusia
511 2633 631 2721 lavat,
660 2634 799 2706 baculo
812 2632 858 2704 ab
878 2632 948 2703 alia
963 2633 1120 2704 muliere
1131 2635 1170 2703 in

159 2750 314 2822 dextera
330 2767 435 2848 parte
456 2755 587 2850 capitis
607 2779 626 2824 a
644 2769 750 2852 tergo
767 2745 961 2851 percussu,
978 2753 1016 2822 in
1033 2777 1170 2849 aquam

161 2867 271 2942 cadit.
291 2869 375 2939 Cito
391 2884 554 2941 extracta
570 2923 580 2957 ‚
607 2870 891 2969 quodammodo
906 2869 1053 2967 stupida
1062 2871 1170 2965 jacet.

159 2987 341 3058 Discusso
360 3001 483 3058 autem
502 3003 675 3084 stupore,
695 3013 781 3060 cum
801 2987 1171 3084 symptomanullum

162 3118 385 3200 appareret,
405 3126 567 3202 spesque
584 3107 624 3174 in
642 3105 721 3176 dies
741 3107 858 3202 magis
877 3102 1094 3175 confirmari
1119 3103 1173 3171 vi-

163 3219 338 3310 deretur;
353 3245 439 3294 ecce
459 3225 558 3295 circa
586 3221 684 3293 diem
703 3223 891 3293 decimum
912 3233 1089 3318 quartum
1123 3216 1175 3289 fe-

88 3328 91 3336 ’
163 3337 247 3408 bris
264 3339 406 3434 ingruit
426 3343 512 3411 euin
529 3343 653 3438 rigore
667 3367 674 3409 ε
690 3365 764 3437 qua
785 3365 829 3410 ex
843 3337 947 3412 febre
968 3337 1062 3408 obiit
1078 3338 1175 3408 cirea

162 3520 1158 3550 ffl—-m-——Ln———u-a-——n-—a

209 3652 401 3826 ξ’..
275 3751 344 3806 Vid
361 3751 448 3806 etiam
461 3695 555 3828 Epist.
573 3753 625 3825 25,
641 3776 670 3810 n.
687 3775 734 3812 20.

213 3849 302 3927 (L
305 3867 432 3920 ..10‚c
445 3869 490 3906 12

279 3950 408 4006 Observ.
429 3967 475 4005 22.
