2812 4656
170 435 239 482 nni.
256 435 306 482 tv.
323 435 369 480 nn
386 431 522 482 nonnis
537 431 737 498 cainone„
755 424 824 483 etc.
844 435 957 484 nmsr.
977 437 1008 482 c.
1037 411 1105 484 301

29 641 35 648 λ
87 560 174 618 tum
190 573 268 645 qua
282 571 382 618 vena
397 561 514 644 rupta
521 601 531 635 ,
552 552 735 643 sanguise
752 571 911 646 corpore
922 573 1056 620 sanum
1071 556 1109 620 in
1151 623 1157 636 ἱ

93 664 394 764 crusdefluxerit
404 691 417 751 ,·
429 664 659 738 alternorum
670 665 936 756 eratclaudus3
954 689 1111 764 cumque
1131 701 1134 706 ¹

93 785 190 856 tibia
207 789 362 868 nitru'um
386 797 571 881 quantum
587 789 864 872 intumesceret,
887 807 934 855 ac
959 783 1109 856 dolores
1181 871 1184 878 ¹

93 901 329 979 intolerandi
358 901 597 988 accederent,
623 899 786 972 medicus
810 900 967 998 quidam
998 907 1111 996 Syra·

92 1045 258 1092 cusanus
277 1026 484 1124 ciprogter
497 1015 717 1090 malleolum
734 1043 873 1090 venum
898 1027 1109 1118 aperuerit,

90 1154 233 1236 atque,
252 1140 318 1210 ubi
330 1136 447 1210 semel
459 1142 649 1235 coepisset,
668 1152 785 1208 noctu
806 1137 941 1234 dieque
959 1146 1110 1234 sanguis

85 1257 332 1354 profluxerit,
373 1269 411 1326 et
444 1252 630 1352 quidquid
660 1267 867 1343 tentarent,
889 1255 1109 1351 fluxionem

90 1373 194 1443 lianc
216 1372 382 1444 inhibere
413 1395 491 1442 non
517 1375 728 1468 potuerint,
760 1369 882 1443 donec
908 1372 1109 1469 Agesilaus

93 1490 249 1562 tandem
263 1497 390 1562 animo
409 1489 561 1582 deficit,
587 1504 625 1560 et
637 1503 724 1560 tunc
737 1496 892 1586 sanguis
899 1471 1028 1588 fluere
1049 1491 1110 1563 dc·

91 1613 172 1696 siit,
191 1633 234 1680 ea
252 1607 467 1680 valetudine
493 1609 663 1680 insecuta
688 1631 772 1704 quae
795 1608 987 1705 reliquum
1012 1624 1112 1682 aesta·

93 1727 167 1816 tis,
189 1739 361 1812 ettotam
377 1724 552 1822 hyemem
571 1747 700 1822 regem
718 1722 817 1794 lecto
839 1721 966 1796 affixit.
985 1728 1108 1818 Quem

94 1867 247 1930 casum,
279 1843 487 1916 attentione
517 1841 688 1938 alioquin
716 1841 900 1940 dignum,
931 1867 1010 1914 non
1029 1869 1115 1917 me-¹

92 1963 192 2034 mini
215 1963 364 2060 anquis
384 1987 426 2032 ex
452 1960 611 2035 eruditis
627 1959 785 2032 medicis
803 1961 1107 2036 consideraverit.

91 2085 288 2153 Incertum
306 2081 465 2178 pariter,
487 2103 565 2176 quo
585 2101 630 2148 ex
641 2101 727 2148 vase
741 2079 892 2175 sanguis
911 2077 1110 2154 defluxerit

93 2198 144 2270 ad
164 2223 322 2298 magnos
339 2199 437 2270 duos
456 2193 843 2285 tumoresfaciendos,
858 2200 938 2266 aM.
955 2199 1109 2270 Aurelio

91 2319 274 2390 Severino
288 2316 364 2415 (1),
386 2326 456 2387 eta
475 2315 598 2412 praecl.
617 2313 774 2386 Alberto
789 2313 942 2386 Hallero
956 2316 1010 2411 (a)
1023 2341 1104 2389 me·

91 2436 274 2506 moratos.
292 2435 397 2506 Alter
414 2432 569 2531 quidem
592 2431 787 2504 brachium
807 2457 922 2530 usque
941 2433 1105 2507 adsum·

89 2528 425 2639 mum'lzumerum,
456 2566 494 2622 et
517 2556 743 2622 anteriorem
767 2551 932 2622 thoracis
947 2568 1104 2650 portem

90 2695 180 2769 qua·
196 2670 252 2741 od
262 2668 347 2742 aus
362 2684 526 2768 spectat,
548 2670 588 2740 in
609 2671 814 2740 immanem
838 2667 940 2740 illam
964 2671 1102 2744 molem

90 2787 326 2862 distenderat
359 2811 471 2885 quam
510 2785 654 2884 adjecta
689 2788 797 2874 icon,
821 2800 857 2857 et
885 2775 996 2858 dolor
1024 2815 1102 2887 quo

88 2906 211 2976 homo
230 2902 424 2978 confectus
439 2905 574 3002 periit,
592 2918 902 2976 commonstrant.
920 2905 1023 2977 Alter
1035 2932 1102 2980 au-

87 3039 169 3098 tem
188 3023 313 3096 subito
326 3015 417 3121 post
427 3027 636 3093 maximum
650 3020 821 3092 dolorem
831 3036 955 3108 ortus,
971 3023 1103 3098 cedens

88 3146 334 3212 vastantium
349 3141 542 3228 manibus,
557 3153 596 3208 et
612 3163 842 3237 compressus
862 3163 1099 3231 evanescens,

87 3285 111 3330 a
128 3257 279 3356 scapula
306 3257 355 3328 ad
379 3256 565 3330 decimam
593 3253 670 3328 lere
687 3271 830 3331 costam
860 3281 898 3328 se
922 3259 1102 3334 extende·

86 3375 167 3448 bat.
194 3375 267 3448 Sed
290 3376 435 3475 primus
461 3375 555 3474 quid
584 3376 816 3462 contineret,
846 3401 896 3448 ne
920 3380 1102 3476 suspicari

86 3493 246 3592 quidem
264 3517 483 3591 possemus,
498 3519 591 3596 cum(
599 3492 800 3564 severinus
813 3491 910 3564 nihil
922 3512 1100 3592 praeterea

3 3641 15 3654 ·
86 3611 242 3700 dixerit,
259 3633 333 3686 nec
351 3610 571 3688 dissecuisse
583 3593 762 3682 ¹videatur
780 3635 790 3699 3
819 3611 892 3682 nisi
908 3617 1003 3685 inter
1019 3617 1101 3691 abs·

1018 3752 1026 3790 l

127 3891 172 3973 (r)
194 3897 238 3953 De
251 3897 374 3954 recond.
386 3897 513 3955 abscess.
527 3907 590 3953 nat.
603 3897 623 3953 1,
639 3902 656 3962 4
670 3893 775 3954 influe
789 3893 934 3964 schokad
950 3919 976 3957 c.
990 3919 1019 3972 7.

129 3989 175 4075 (r)
195 3998 308 4070 Opusc.
321 3993 436 4074 pathol.
453 3997 519 4056 obs.
533 3997 588 4070 ³2,
601 3993 672 4054 hist.
692 4013 720 4052 n.
