2828 4652
198 425 200 432 ·
306 401 375 498 ¹94
470 419 518 470 nr
543 417 690 468 sununs
714 417 759 466 nr
783 411 908 466 ciuus
932 415 1143 468 nonnosum

301 536 416 609 nibus
432 507 614 606 cedentia.
632 531 689 604 Ad
708 556 792 629 quae
808 529 887 628 jam
918 530 1012 602 olim
1038 556 1061 602 a
1088 557 1150 604 me
1176 531 1319 606 litteris

300 653 492 740 mandata,
505 649 583 722 haec
599 649 741 748 placuit
758 649 914 738 addere,
929 673 1012 747 quae
1030 673 1117 722 cum
1135 649 1194 722 lrae
1216 653 1316 750 epis

299 771 384 844 tolae
403 768 473 842 sub
496 769 645 846 initium
670 768 761 844 anni
784 767 877 864 1760
894 765 1230 856 describerentur,
1262 793 1318 841 se-
1403 851 1404 862 χ

300 888 391 962 dnlo
408 912 430 960 a
447 911 507 960 me
518 886 670 984 quesita
680 884 727 956 de
745 883 876 958 eadem
891 884 1050 960 muliere
1066 886 1199 984 accepi
1211 911 1318 958 anno

300 1006 402 1080 illam
431 1003 523 1103 1758
542 1004 706 1104 qniejns
728 1005 844 1076 aetntis
870 1003 1210 1101 quinquagesimus
1241 1006 1318 1102 pri-

300 1148 386 1198 mus
401 1123 491 1212 luit,
510 1123 715 1194 menstruis
739 1120 905 1218 denique
930 1119 1227 1219 purgationibus
1263 1148 1318 1194 ca·

300 1267 384 1316 rere
402 1242 558 1339 coepisse
577 1265 660 1337 quae
679 1238 727 1310 ad
747 1238 787 1310 id
809 1254 957 1336 ternpus
981 1254 1019 1312 et
1035 1237 1268 1330 uberrimae,
1284 1257 1318 1313 et

301 1360 486 1432 coccineae
504 1381 583 1430 esse
598 1359 858 1456 perrexissent.
877 1356 1136 1430 Nihilominus
1152 1359 1209 1431 sic
1230 1363 1320 1432 stitis

300 1476 479 1564 valuisse,
506 1470 802 1564 etvalere,1iisi
828 1473 933 1573 qnod
960 1472 1038 1548 fere
1073 1475 1256 1550 assiduus
1280 1479 1318 1547 in

151 1607 158 1626 '
203 1589 205 1594 ’
301 1609 433 1668 ventre
452 1609 508 1666 est
525 1593 656 1692 glaciei
676 1615 826 1666 sensus:
848 1594 915 1692 qui
935 1617 1023 1664 eum
1043 1592 1200 1666 indeed
1227 1619 1320 1693 pec·

301 1728 363 1788 tus
379 1713 565 1802 escendit,
577 1737 659 1784 eam
674 1708 782 1783 affert
799 1711 1010 1809 respirandi
1028 1709 1319 1801 difficultatem,

302 1845 345 1904 ut
359 1833 543 1904 continno
561 1831 738 1928 sanguis,
763 1854 887 1926 neque
909 1830 1018 1927 copia
1036 1828 1208 1919 modica,
1230 1833 1318 1902 mit-

300 1948 439 2023 tendus
461 1950 517 2020 sit.
536 1950 613 2022 Nec
628 1947 778 2037 deesse,
792 1972 875 2045 quae
888 1947 927 2019 id
944 1945 1087 2031 ferant,
1113 1949 1215 2020 vires
1233 1971 1318 2019 mu·

208 2103 211 2110 ’
301 2068 405 2156 lieri,
424 2066 571 2139 bonum
593 2066 718 2138 adhuc
736 2081 773 2140 et
791 2067 965 2163 corporis
987 2063 1182 2154 habitum,
1204 2081 1245 2138 et
1265 2065 1318 2138 fn·

301 2186 372 2258 ciei
389 2184 557 2256 colorem
572 2184 745 2256 servanti.
1220 2251 1227 2266 ,

354 2301 410 2374 28.
429 2299 551 2374 Habes
569 2299 616 2372 de
635 2297 834 2374 affectione
853 2302 1045 2399 sanguinis
1063 2299 1167 2373 haud
1188 2303 1319 2374 minus

203 2493 206 2498 ,
302 2416 459 2492 fortasse
479 2416 1279 2519 admirandaquamcnmapudLowernm(
1304 2425 1317 2516 J

302 2537 343 2612 in
363 2535 518 2637 immani
545 2534 819 2634 haemorrhagia
838 2551 941 2610 totus
962 2535 1246 2636 propemodum
1266 2536 1319 2610 ef·
1408 2513 1409 2550 ³

190 2751 192 2758 Ι
303 2650 428 2741 fusus,
447 2651 558 2726 simul
582 2668 707 2726 autem
731 2654 890 2750 jusculis
923 2654 1130 2728 identidem
1155 2663 1322 2754 sumptis

302 2773 551 2860 instauratus,
573 2770 633 2844 his
645 2795 757 2870 quam
771 2770 845 2844 sihi
862 2771 1021 2846 similior
1040 2769 1227 2863 efflueret,
1247 2773 1319 2846 ho-

303 2889 406 2964 mine
425 2903 552 2961 tamen
571 2913 651 2962 non
673 2891 821 2962 vivente
843 2889 975 2980 modo,
997 2890 1063 2964 sed
1078 2890 1227 2963 sanitati
1242 2914 1321 2964 res·

302 3008 439 3096 tituto,
459 3005 595 3095 habes,
611 3007 767 3104 inquam
781 3009 909 3080 omnia
923 3034 969 3082 ex
982 3007 1175 3083 Medimiae
1191 3011 1318 3082 nostri
1406 3083 1409 3112 Ι

302 3125 451 3205 medica
482 3123 758 3223 ephemeride,
793 3127 939 3225 prolixe
976 3153 999 3200 a
1034 3151 1098 3200 me
1132 3125 1318 3226 quidem,

306 3242 388 3330 sed,
421 3257 463 3314 ut
479 3256 597 3340 putu,
616 3241 720 3314 haud
745 3244 928 3318 inutiliter
953 3259 1140 3344 excerpta.
1161 3246 1319 3336 Quanto

296 3361 408 3434 ‚enim
439 3355 671 3432 difficiliores
694 3360 915 3458 hujusmodi
942 3386 1002 3435 res
1019 3361 1135 3436 habet
1158 3363 1318 3460 explica·

305 3491 385 3565 tus,
412 3491 518 3548 tanto
539 3475 755 3575 diligentius
772 3479 897 3552 danda
915 3504 1031 3580 opera
1050 3496 1122 3570 est,
1139 3495 1181 3553 ut
1204 3479 1253 3552 ab
1271 3481 1318 3552 iis
1334 3473 1338 3482 ’

305 3595 373 3695 qui
397 3592 657 3692 explicandam
688 3593 785 3670 forte
806 3599 1032 3697 suscipiant,
1056 3597 1155 3670 nibil
1179 3623 1225 3673 ex
1245 3596 1318 3670 his·

301 3809 1316 3844 m

345 3965 389 4045 (ι)
410 3969 509 4028 Treet.
526 3967 566 4026 de
577 3967 661 4042 nord.
674 3979 704 4026 c:
715 3985 760 4028 a(
