2812 4656
171 525 175 530 ,
221 459 571 524 ttn.1v.'·nrnonnrs
588 475 788 541 cfflnunn„
810 467 877 524 etc.
897 479 1009 526 nmsr.
1025 481 1056 526 n.
1086 456 1158 554 293

146 587 314 691 (leminis
345 591 526 688 parietes,
546 603 582 660 et
613 589 863 688 peritonaeum
888 592 987 662 intra
1017 593 1159 664 ventris

148 731 283 778 cavum
309 709 541 796 inetirtasse3
573 731 652 777 non
681 705 890 804 perforasse
916 722 1059 794 tamen,
1093 735 1158 781 ne-

145 851 222 922 que
247 842 289 898 ut
320 826 480 898 tumoris
510 849 657 896 cavum·
673 849 760 894 cum
781 826 924 896 ventris
960 851 1067 916 cavo,
1090 806 1157 898 nie-

144 943 242 1012 dum
272 935 358 1014 euni
379 945 522 1016 viscere
540 944 622 1040 ejus
649 942 775 1039 aliquo
794 997 804 1030 ‚
838 945 1156 1033 communicarem

146 1058 327 1134 effecisse
718 1085 721 1092 ¹
1150 1073 1152 1079 '

140 1189 145 1202 '
199 1178 255 1254 50.
276 1181 460 1268 Testium,
478 1195 515 1252 et
524 1179 853 1275 circumjectorum
867 1178 926 1250 his
940 1180 1158 1250 involucro·

144 1321 232 1368 rum
252 1311 441 1385 tumores,
457 1297 503 1369 de
515 1295 655 1395 quibus
668 1297 861 1393 aliquanto
873 1297 982 1394 plura
993 1297 1158 1369 scribere

135 1439 365 1514 possemus,
380 1413 493 1487 fuisse
511 1439 531 1485 a
548 1412 661 1486 nobis
674 1415 744 1486 alia
755 1404 912 1513 ¹epistol'a
924 1414 1158 1513 (1)pertrac·

145 1545 246 1604 tatos
272 1533 486 1603 meministi.

160 1679 165 1693 ·
195 1653 251 1721 De
266 1651 311 1721 iis
326 1665 451 1720 autem
467 1651 534 1746 qui
553 1648 600 1718 ad
621 1671 778 1746 penem,
798 1674 933 1737 anum,
953 1665 990 1720 et
1006 1665 1156 1721 natura·

142 1769 194 1840 lia
209 1769 411 1840 mulierum
423 1767 600 1854 attinent,
621 1770 689 1839 etsi
707 1769 834 1866 phines
848 1767 1012 1840 vidimus
1029 1785 1156 1841 tamen

143 1911 234 1959 cum
254 1885 469 1958 dissecandi
479 1887 628 1988 occasio¹
647 1909 847 1982 nunquam*
860 1882 993 1974 fuerit,
1006 1890 1074 1957 vix·
1089 1887 1156 1958 ali-

145 2005 241 2104 quid
260 2023 314 2077 est
332 2003 439 2103 quod
450 2005 686 2102 attingamus.
700 2008 932 2076 Cancrosum
943 2013 1154 2090 tumorem,

143 2126 186 2194 in
203 2146 316 2222 quem
337 2125 460 2222 glans,
474 2135 511 2192 et
534 2142 668 2219 magna
683 2141 770 2219 pars
783 2121 876 2192 eolis
897 2123 1076 2219 'proxima
1090 2147 1154 2194 ex-

143 2245 326 2331 creverat,
343 2265 429 2312 eum
451 2251 663 2338 amputaret
673 2237 865 2327 Valsalva,
884 2238 1046 2311 aderam.
1062 2242 1153 2332 Quae

144 2361 225 2432 duo
256 2377 304 2430 ne
330 2357 545 2448 acciderent
564 2355 785 2444 verebatur,
812 2381 945 2428 eorum
974 2371 1154 2430 neutrum

140 2475 289 2548 accidit.
309 2475 475 2548 Alterum
489 2487 592 2562 erat5
608 2498 655 2562 ne
669 2462 799 2571 eiigua
813 2471 1055 2571 superfutura
1065 2498 1152 2572 pars

142 2595 238 2668 colis
248 2596 454 2666 introrsum
475 2590 570 2664 forte
588 2615 628 2664 se
648 2593 832 2663 continuo
849 2591 1077 2664 retraheret:
1098 2577 1151 2664 el·

137 2709 289 2797 terunt,
308 2737 356 2782 ne
367 2711 435 2782 iliu
445 2722 653 2808 perstante,
667 2711 874 2782 introrsum
895 2723 1021 2781 tamen
1041 2733 1079 2781 se
1096 2735 1153 2783 re·
1225 2807 1227 2812 X

139 2830 505 2903 truherentnrtenae.
535 2829 641 2918 Quas
659 2841 744 2898 cum
759 2829 799 2896 in
817 2828 944 2898 animo
971 2827 1152 2919 haberet,

139 2947 497 3043 nt=feeit,''trajectas
526 2957 595 3017 neu
617 2943 723 3016 filum
753 2943 944 3034 trahente,
978 2945 1148 3020 hoeeir·

134 3063 659 3160 numdnetn;·eunstnetoque
675 3061 857 3161 obligare,
877 3063 908 3132 si
926 3063 1149 3136 utrumlibet
1201 3129 1205 3138 ,

133 3181 293 3254 iilorum
314 3181 501 3253 arrideret
509 3227 524 3261 ,·
546 3181 803 3277 maximopere
823 3193 903 3250 erat
932 3178 1149 3252 adversatu-

136 3327 248 3380 rum:-
268 3303 323 3372 Ne
356 3300 519 3372 alterum
558 3297 766 3386 accideret,
794 3311 880 3368 ante
910 3296 1150 3395 provideratr'

139 3421 171 3492 si
196 3418 355 3490 alterum
382 3417 600 3503 accidisset,
632 3408 714 3487 tum
744 3415 956 3486 necessario
975 3414 1014 3485 id
1043 3415 1148 3513 quod

136 3531 313 3626 nolebat,
336 3532 513 3607 facturus.
541 3533 737 3606 Cruciatus
765 3533 883 3622 enim,
912 3532 1038 3631 quoad
1067 3535 1148 3630 ejus

137 3652 262 3728 facere
298 3667 461 3752 poterat,
487 3653 532 3724 iis
558 3675 655 3749 quos
684 3649 785 3722 ferro
812 3650 991 3740 curabat,
1020 3652 1146 3726 immi-

174 4023 221 4102 11)
243 4025 289 4092 43.
