2854 4660
288 435 359 533 374
460 457 507 504 ns
533 457 681 506 sautans
706 447 752 504 ar
776 455 902 506 causis
929 457 1140 508 nonaoann

338 578 396 660 41.
432 572 510 643 Nec
537 593 629 643 vero
659 569 924 644 contrafissura
957 574 1112 671 proprie
1146 589 1227 663 est,
1261 578 1305 647 si·
1413 625 1414 674 1

288 688 444 790 quando
462 703 627 778 constet,
643 713 763 761 unum
775 687 955 788 idemque
963 713 1009 764 ex
1017 692 1136 762 cranii
1153 693 1305 767 ossibus
1413 685 1414 748 ἶ

288 805 666 881 une‘duntaxatloco
684 807 802 880 ictum
820 809 1166 908 accepisse,neque
1176 824 1305 884 tamen

290 925 364 1016 ibi,
386 925 451 998 sed
467 923 557 998 alibi
577 925 712 998 rimam
720 923 877 1015 habeat3
902 925 1005 1026 quod
1022 925 1176 1024 quidem
1193 951 1307 1026 posse

291 1043 375 1118 fieri
397 1067 478 1114 non
506 1042 697 1143 negabant
720 1047 908 1116 Careanus
927 1041 1001 1141 (1),
1030 1045 1188 1142 ejusque
1214 1071 1307 1144 prae-

290 1176 423 1260 ceptor
438 1145 652 1266 Falloppius
664 1159 730 1257 (a).
759 1153 861 1252 Qiain
882 1160 946 1234 hie
961 1161 1015 1259 (3)
1034 1161 1202 1234 adhunc
1218 1187 1308 1262 qun
1414 1245 1415 1258 χ

291 1303 367 1377 que
381 1277 537 1350 modum
551 1280 710 1376 intelligi
725 1301 836 1378 posse
851 1279 1094 1378 Hippocratis
1104 1278 1172 1376 (A)
1191 1283 1308 1354 verba

290 1395 578 1485 demonstravit,
596 1395 737 1495 quibus
751 1397 814 1468 alii
833 1395 1139 1472 contrafissuram
1149 1401 1308 1500 proprie

292 1529 486 1613 acceptam
505 1515 694 1614 designari
721 1516 881 1587 omnino
908 1515 1176 1606 crediderunt,
1204 1517 1310 1592 vide·

293 1634 381 1706 lieet
402 1657 444 1706 os
464 1631 654 1705 interdum
668 1629 790 1731 frangi
812 1633 883 1705 alia
906 1634 1039 1732 capitis
1065 1649 1173 1732 parte
1194 1661 1310 1734 quam

200 1837 202 1841 ⁸
294 1777 371 1851 qua
386 1749 525 1824 vulnus
536 1766 614 1839 est3
643 1773 732 1843 nam
746 1747 1311 1852 sioppesitamduntaxatsignii
1415 1747 1416 1834 1

295 1868 408 1947 ficare
428 1869 623 1956 voluisset,
650 1893 729 1940 non
751 1885 830 1940 erat
848 1885 949 1942 certe
967 1893 1036 1942 cur
1050 1893 1199 1968 magnae
1217 1871 1310 1944 cala-

291 1989 432 2062 mitatis
444 1988 530 2060 loco
539 2001 701 2086 poneret
715 1985 821 2084 quod
831 1989 1016 2060 continuo
1030 1987 1205 2084 subjicit,
1217 2004 1309 2061 tunc

285 2107 485 2219 ,medicum
524 2107 700 2204 ignorare
726 2129 891 2202 quanam
917 2107 1049 2204 capitis
1076 2121 1185 2204 parte
1218 2105 1309 2178 frac-

294 2242 380 2297 tura
395 2225 460 2312 sit;
480 2220 652 2294 fracturae
669 2221 772 2294 enirn
785 2221 1018 2303 exstantibus
1035 2224 1075 2294 in
1089 2224 1308 2297 universum
1416 2219 1417 2280 ἰ

295 2341 451 2416 indiciis
468 2355 560 2412 tunc
579 2353 770 2413 constaret
786 2363 866 2411 esse
883 2341 922 2414 in
944 2341 1132 2439 oppositi
1157 2345 1248 2414 Non
1262 2343 1308 2414 vi-

295 2459 368 2532 deo
390 2473 515 2533 autem
539 2483 608 2530 eur
624 2481 704 2528 non
724 2455 886 2530 absimili
905 2460 1053 2531 ratione
1066 2459 1307 2557 interpretari

295 2576 447 2648 Celsum
471 2575 519 2646 ad
548 2576 725 2649 eumdem
754 2574 911 2647 modum
942 2574 1200 2674 noluerit(5).
1229 2579 1307 2652 Cel·
1417 2601 1418 2684 }

296 2717 359 2764 sus
367 2693 423 2788 (6)
443 2694 543 2772 enim
554 2691 621 2768 ubi
634 2693 742 2766 fracti
759 2695 877 2766 cranii
891 2693 1028 2766 indicia
1045 2709 1213 2784 exstent,
1230 2721 1306 2794 qua

296 2823 441 2882 exstare
468 2808 607 2884 diserte
627 2813 754 2909 ponit,
771 2813 867 2916 pirna
897 2825 1022 2886 antem
1049 2811 1121 2884 sub
1149 2813 1305 2885 vnlnere

293 2951 374 3002 non
391 2931 707 3027 appareat,'signa
726 2929 796 3001 alia
808 2955 888 3001 non
901 2945 1086 3028 quaereret
1099 2931 1220 3028 partis
1236 2955 1304 3030 qna

294 3043 455 3122 fractum
473 3046 520 3122 sit
532 3049 725 3132 cranium,
744 3049 774 3122 si
795 3049 1008 3148 oppositam
1024 3047 1208 3120 duntaxat
1231 3073 1304 3147 par

291 3179 370 3237 tem
389 3164 650 3254 intellexisset,
673 3191 758 3241 cum
779 3167 895 3238 modo
911 3168 1060 3266 scripsit
1080 3165 1179 3237 solet
1193 3173 1303 3238 etz'am

1245 3311 1256 3354 l

919 3383 1297 3404 m·

348 3517 376 3593 1)
396 3520 477 3574 Lecta
495 3517 577 3578 (leit.

348 3612 377 3693 a)
399 3618 433 3672 C.
449 3635 484 3672 aa
500 3616 551 3672 cit.

347 3716 377 3793 3)
398 3717 512 3773 Comm.
525 3716 559 3772 in
571 3716 699 3792 Hippoc.
713 3718 748 3774 de
758 3719 840 3775 vnln.
855 3736 923 3791 cap.
936 3737 962 3774 e.
978 3726 1024 3788 tl.

348 3815 378 3892 l)
398 3817 443 3872 De
455 3835 519 3890 cap.
534 3817 617 3874 tuln.
636 3837 666 3872 n.
685 3837 720 3872 ιο
735 3817 815 3898 apud
832 3815 981 3879 Marinell,

348 3911 377 3992 5)
399 3917 433 3971 C.
454 3933 488 3970 12
507 3916 557 3976 cit.
773 3903 777 3910 ’

332 4013 376 4092 (6)
397 4017 430 4076 C.
453 4014 539 4086 neit.

332 3515 343 3594 (

333 3616 345 3692 1

334 3717 343 3780 1

335 3813 345 3895 l

335 3913 345 3993 l
