2816 5282
153 409 283 490 marr.
301 441 346 488 or
360 438 495 488 uonms
508 439 707 507 carruae,
723 429 791 488 etc.
807 415 918 486 rrrsr.
937 440 1008 488 mv.
1038 415 1108 516 589

102 571 262 655 utraque
283 556 353 626 hac
374 555 530 627 historia
548 557 737 653 seposita3
762 553 843 651 lege
863 555 1008 651 polim,
1027 581 1108 653 quae

101 675 191 746 alibi
207 678 247 744 in
266 672 515 772 Sepulchreto
535 672 588 769 (ι)
612 686 753 759 exstat,
779 671 914 742 Plateri
930 672 1107 746 observa-

103 795 259 864 tionem.
283 797 357 861 Har
382 791 488 888 virgo
504 791 757 887 proponitur,
777 791 838 860 cui
867 791 966 860 intra
988 806 1108 888 verte-

102 909 211 981 bram
229 909 331 980 dorsi
352 923 521 980 octavam
535 922 600 978 aut
618 923 778 994 nonam,
799 906 957 1004 solopeti
973 907 1109 1005 globus

103 1028 290 1125 spinalern
331 1024 535 1097 medullam
566 1023 799 1121 disruperat,
836 1038 872 1094 et
907 1025 1108 1116 movendi,

104 1141 368 1238 sentiendique
384 1138 598 1212 facultatem
626 1164 647 1209 a
676 1138 802 1212 medio
835 1138 1011 1213 deorsum
1041 1156 1110 1214 sta·

103 1261 171 1330 tim
184 1259 396 1348 ademerat,
410 1259 457 1329 ad
475 1259 698 1356 vigesimum
722 1274 847 1330 tamen
867 1283 986 1356 usque
1007 1259 1108 1332 diem

101 1379 176 1448 vita
186 1393 385 1476 protracta.
405 1379 506 1468 Quin
525 1376 718 1474 perpende
735 1379 775 1448 in
792 1381 880 1474 Reg.
903 1401 952 1449 sc.
968 1379 1105 1452 Acade-

102 1488 185 1567 miae
203 1496 394 1594 parisiens.
416 1495 573 1570 historia
594 1494 648 1592 (a)
670 1495 763 1592 quid
778 1495 1029 1568 Cuvilliersius
1060 1495 1107 1569 de

102 1607 220 1684 milite
255 1610 412 1703 referat,
439 1616 547 1712 eujus
569 1612 832 1684 duodecimam
860 1613 962 1684 dorsi
986 1629 1108 1688 verte-

4 1747 5 1750 ’
101 1729 228 1816 bram,
243 1731 509 1826 inclusumque
524 1732 648 1828 ipsum
667 1730 838 1836 medullae
848 1755 989 1827 corpus
1010 1735 1108 1805 ensis

4 1863 6 1870 ’
104 1871 263 1933 mucro,
290 1846 386 1919 duos
406 1846 561 1944 pollices
588 1848 742 1944 longus,
770 1870 852 1920 non
867 1846 980 1918 modo
1001 1850 1110 1943 traje-

4 1987 5 1990 ’
105 1978 227 2050 cerat,
246 1962 311 2036 sed
333 1963 475 2034 ibidem
505 1980 653 2061 semper
678 1963 851 2055 haeserat,
876 1988 962 2034 eum
983 1979 1109 2036 tamen

106 2079 257 2151 dolores
286 2080 439 2176 quidem
474 2078 650 2168 acerbos,
683 2079 748 2151 sed
779 2079 921 2150 nullam
952 2105 1110 2178 usquam
1203 2111 1219 2128 ⁸
1247 2104 1250 2115 ·

106 2198 379 2269 resolutionem
399 2199 526 2295 quoad
544 2199 656 2284 vixit,
683 2198 774 2268 vixit
795 2213 919 2268 aulem
940 2198 986 2269 ad
1006 2225 1107 2271 men·

106 2339 182 2403 seS,
202 2316 377 2388 attulerit.
397 2321 492 2388 Cum
512 2316 570 2387 his
593 2341 696 2386 nune
715 2316 845 2387 conler
859 2341 969 2413 quam
992 2319 1031 2387 in
1052 2322 1111 2388 Se·

106 2433 309 2532 pulchreto
327 2421 542 2531 (3)'habes,
569 2435 736 2505 Marcelli
755 2435 862 2504 Lucii
881 2433 1110 2506 ohservatio-

106 2575 205 2621 nem.
228 2554 428 2622 Hominem
446 2553 546 2648 leges
566 2554 664 2622 intra
675 2551 786 2622 horas
802 2551 951 2622 circiter
960 2553 1112 2648 triginta

106 2682 323 2754 mortuum,
352 2670 412 2738 cui
438 2667 596 2765 sclopeti
617 2665 751 2767 globus
783 2691 804 2736 a
830 2666 960 2738 dextra
987 2682 1109 2764 parte,

105 2798 269 2882 quatuor
291 2783 416 2880 digitis
451 2783 522 2854 sub
555 2787 708 2882 regione
728 2809 863 2859 renum
895 2785 1112 2880 ingressus,

109 2901 292 2972 transibat
313 2925 381 2997 per
400 2899 566 2971 medium
592 2901 743 2997 spinalis
771 2900 961 2986 medullae,
985 2925 1053 2996 per
1072 2905 1115 2972 si·

111 3019 269 3088 nistram
287 3031 430 3115 partem
448 3016 653 3114 egrediens.
677 3020 785 3087 Certe
802 3017 863 3088 hic
882 3015 1122 3112 globus'non‘

111 3131 284 3205 medullae
302 3157 465 3230 corpus,
496 3133 561 3207 sed
582 3135 759 3230 equinam
779 3133 936 3204 caudam
961 3117 1116 3228 trajece-

111 3265 180 3322 rat.
198 3257 279 3342 Qua
295 3251 410 3348 igitur
422 3252 567 3322 ratione
585 3266 690 3323 tanto
709 3252 818 3322 citius
834 3275 947 3348 quam
964 3252 1003 3321 in
1024 3252 1115 3340 illis,

113 3367 253 3466 quibus
273 3369 397 3466 ipsum
418 3368 590 3440 medullae
611 3393 750 3468 corpus
764 3370 960 3476 trajectum
978 3364 1125 3468 fuerat,¹

114 3503 277 3560 mortem
294 3486 696 3584 attulit,eamdemque
713 3501 838 3559 tamen
850 3486 967 3557 multo
981 3487 1119 3558 tardio-

158 3786 203 3865 (ι)
222 3789 255 3844 L.
271 3807 303 3858 1,
321 3807 343 3844 s.
361 3786 412 3860 15,
430 3788 496 3844 obs.
513 3765 560 3844 ali.

159 3884 202 3965 (a)
224 3887 271 3944 Ad
283 3907 330 3944 an.
348 3890 438 3960 1743,
457 3888 489 3944 in
503 3887 567 3944 obs.
581 3899 659 3944 anat.
679 3907 724 3944 11.

161 3984 205 4064 (3)
227 3989 303 4044 Sect.
318 3989 374 4044 hac
388 3989 421 4060 3,
438 3987 503 4044 obs.
517 3987 570 4059 26,
590 3992 646 4058 Sa.
