2812 4656
185 403 253 450 cm.
273 403 321 450 ιν.
339 405 386 452 un
401 379 536 454 monus
555 374 752 477 caraune„
768 402 837 462 cto
852 415 964 466 uersu.
985 424 1017 470 r.
1047 403 1119 474 25*
1213 391 1215 396 ⁵
1283 439 1286 446 ⁴

58 586 61 591 .
108 514 182 604 tio,
203 517 244 586 in
256 521 525 590 Anotomicam
542 521 812 596 Bibliotheccm
828 526 887 625 (1)
908 533 1038 627 relata,
1057 541 1118 612 in*
1151 551 1153 559 ‘

108 657 358 706 numerorum
378 621 623 734 processuum
643 643 709 737 qui
731 667 775 716 ex
789 645 953 741 adiposis
976 660 1119 730 omenti

107 751 856 888 partibuspollieemcrassiquatuopque‚
869 783 933 840 aut
946 772 1117 870 quinque

107 869 247 968 digitos
270 860 406 970 longi,
415 889 452 946 et
472 873 605 946 eodem
622 900 699 973 quo
729 895 868 954 eaeterae
891 887 1119 964 membranae

106 985 653 1087 adiposae,concretononn1hrl
662 994 792 1069 oleoso
802 997 964 1075 humore
976 1009 1119 1107 turgidi

104 1105 408 1205 propendebant.
428 1109 500 1180 Sed
516 1111 762 1186 interioribus
779 1114 881 1192 hisce
900 1125 1115 1206 tumoribus

106 1226 272 1316 omissis,
302 1225 400 1298 de“
377 1251 422 1300 ns
444 1227 510 1324 qui
542 1227 612 1300 sub
638 1254 790 1322 manus,
822 1238 1044 1337 oculosque
1057 1269 1116 1318 ca·
1172 1315 1174 1326 ,

104 1340 221 1430 dunt,
237 1342 558 1442 quemadmodum
571 1347 737 1444 postulat
754 1349 889 1426 harum
903 1356 1114 1434 litterarum

103 1462 365 1558 propositum,
374 1462 539 1534 scribere
539 1488 763 1562 pergamus

152 1578 210 1651 26.
227 1581 306 1652 Etsi
318 1603 410 1652 vero
426 1579 570 1652 ordinis
587 1582 759 1678 alicujus}
754 1590 882 1684 gratia
906 1590 1027 1667 dehis
1046 1599 1114 1694 qui

102 1691 243 1792 reliqui
276 1710 364 1770 sunt
385 1696 599 1770 tumoribus
625 1700 676 1770 ita
699 1699 888 1789 dicemus,
912 1723 953 1778 ut
979 1735 1112 1786 eorum

101 1810 230 1882 sedem
244 1815 378 1911 magis,
398 1838 513 1912 quam
543 1829 717 1886 naturam
743 1840 964 1926 sequentes,
990 1830 1110 1904 abiis

102 1929 170 2024 qui
197 1931 237 2000 in
262 1931 382 2028 capite
404 1945 442 2002 et
467 1931 566 2002 collo
593 1951 821 2026 occurrunt,
850 1941 959 2013 initio
991 1943 1109 2038 facto,

101 2043 338 2146 deincepsad
357 2032 558 2121 inferiores
576 2049 869 2128 descendamus:
893 2061 973 2130 noli
985 2077 1112 2142 tamen

102 2179 337 2262 exspectare,
362 2181 406 2236 ut
422 2191 504 2264 quae
525 2167 597 2256 ibi,
617 2185 680 2248 aut
707 2170 797 2242 alibi
822 2197 981 2250 venerea
1003 2207 1112 2278 gum·

100 2297 208 2352 mata
233 2308 271 2355 se
294 2283 482 2382 produnt,
493 2283 565 2356 hic
592 2311 867 2380 memoremus,
887 2298 1029 2396 quippe
1044 2325 1112 2400 ap·

99 2387 175 2472 tius
196 2399 243 2472 ad
264 2425 347 2472 eam
365 2401 466 2473 luem
484 2400 521 2482 i
525 2401 538 2498 )
555 2407 735 2476 servaturi
746 2409 973 2510 ,multoque
985 2419 1111 2492 minus

98 2533 143 2588 ut
161 2543 242 2616 quae
260 2518 307 2592 de
322 2518 607 2618 hydrocephalo
622 2523 711 2596 alias
722 2525 776 2618 (i)
796 2529 1034 2626 scripsimus,
1045 2552 1110 2610 aut

98 2619 146 2708 de
174 2637 323 2709 narium
344 2639 495 2736 polypis
523 2639 577 2738 (4)
607 2639 668 2714 hio
696 2660 921 2740 repetamus.
957 2652 1110 2752 Lingua

96 2769 403 2828 autemtumores
421 2757 550 2854 plures
561 2758 716 2856 quidem
733 2769 1025 2860 conspeximus3
1043 2774 1112 2852 sed

96 2873 249 2944 nullum
267 2873 478 2960 dissecandi
506 2877 744 2950 occasionem
770 2878 982 2958 habuimus.
1004 2891 1109 2980 Quos

95 2991 197 3062 iuter
213 2992 497 3090 praetermittere
511 2977 573 3064 hic
589 2995 769 3068 nolumus
781 2999 928 3072 minora
937 3005 1108 3100 quaedam

95 3109 216 3180 instar
229 3133 472 3181 verrucarum
491 3109 707 3200 tubercula,
732 3114 772 3184 in
794 3119 988 3212 superiore
1009 3120 1109 3196 illius

97 3223 298 3323 superficie
330 3227 493 3327 propius
523 3226 642 3300 basim
677 3253 698 3298 a
731 3229 909 3330 chirurgo
940 3237 1107 3332 quodam

94 3344 189 3412 oiim
202 3343 242 3412 in
259 3344 435 3414 Patavina
447 3345 606 3416 muliere
629 3345 742 3418 nobis
770 3365 942 3440 ostensa,
959 3369 1002 3427 ut
1031 3381 1107 3455 qua
