2854 4660
181 421 250 470 tro.
264 419 314 466 ιν.
330 420 375 466 nn
393 407 947 476 uoanrscutnuno.,etc.sv1sr.
964 419 1011 465 u.
1041 396 1111 471 385

38 527 43 534 ’
108 537 214 638 poris
235 547 340 632 parte
367 557 406 604 se
428 531 610 630 prodant3
628 531 700 602 nisi
724 531 885 627 aliquam
912 557 1031 630 ponas
1050 536 1115 606 de-

106 655 385 738 cussationem,
404 647 507 720 haud
521 645 626 720 facile
648 647 840 745 intelliges.
867 650 1059 722 Ponebaut
1079 670 1116 726 et

104 771 182 858 illi,
202 784 239 842 et
256 767 376 840 multo
395 781 482 838 ante
505 790 569 836 eos
591 765 674 836 alii:
696 790 771 861 qua
791 767 827 834 in
847 791 887 838 re
910 767 1001 864 quid
1024 770 1117 840 mihi

105 883 580 972 verisimilius-videatur(
596 883 684 968 satis
710 882 798 953 alibi
821 881 879 980 (ι)
909 886 1117 958 indicatum

103 1021 173 1084 est.
196 1008 274 1076 Nec
293 1002 465 1100 quamvis
482 1000 598 1098 aliqui
620 999 916 1072 decussationem
937 1001 1035 1074 illam
1054 1005 1119 1074 mi-

103 1147 181 1198 nus
195 1120 378 1220 probent,
394 1143 507 1217 quam
521 1120 578 1190 vel
592 1119 811 1217 Hippocrati
828 1120 940 1205 olim,
958 1124 1026 1218 ipsi
1040 1125 1117 1220 qui·

102 1241 194 1316 dem
207 1241 327 1324 aiunt,
346 1235 460 1311 fnisse
478 1236 698 1334 probatam,
719 1261 841 1334 neque
858 1241 1063 1339 originem,
1079 1255 1117 1314 et

101 1359 184 1432 vim
209 1380 414 1428 nervorum
437 1353 635 1451 spinolium
661 1377 681 1430 a
703 1355 866 1426 medulla
892 1343 1117 1455 oblongam,

102 1491 170 1552 aut
190 1475 302 1546 altius
323 1470 566 1544 derivandam
597 1494 677 1544 esse
706 1488 911 1562 censeant3
945 1477 1117 1548 assentiri

101 1594 197 1694 ipsis
209 1617 287 1664 non
306 1615 477 1688 possum,
496 1590 566 1660 nisi
587 1592 692 1686 prius
720 1590 896 1676 doceant,
918 1594 1115 1690 quomodo

102 1735 259 1812 gravem
280 1707 426 1780 cerebri
440 1707 619 1778 duntaxat
638 1706 826 1779 laesiouem
849 1712 1011 1782 universi
1032 1738 1117 1784 cor-

103 1829 214 1931 poris
232 1825 409 1924 paralysis
426 1840 700 1917 consequatur,
713 1839 777 1895 aut
793 1827 988 1922 quomodo
1008 1829 1115 1914 liceat

104 1944 313 2046 proposita
329 1943 528 2040 quaestioni
548 1942 655 2012 aliter
676 1939 907 2028 satisfacere,
929 1945 1004 2015 sive
1025 1970 1118 2016 con-

104 2062 257 2146 vulsi0,
277 2062 352 2132 sive
373 2059 553 2130 resolutio
576 2059 753 2156 opposito
770 2059 809 2128 in
836 2057 949 2130 latere
979 2064 1121 2132 contin-

106 2183 318 2284 gat.'Porr0
330 2202 372 2250 ex
383 2178 428 2248 iis
446 2177 511 2274 qui
528 2174 727 2247 nobiscum
743 2175 839 2246 hanc
858 2191 897 2246 nt
915 2178 1121 2274 plurimum

105 2299 151 2372 in
163 2296 236 2368 hoc
255 2310 427 2393 ponunt,
443 2307 531 2364 sunt
548 2295 614 2390 qui
634 2292 919 2364 convulsionem
941 2294 1060 2368 altero
1079 2298 1120 2370 in

105 2415 227 2492 latere
245 2411 327 2484 ficri
353 2413 500 2498 dicunt,
530 2413 619 2508 qnia
638 2410 728 2482 hinc
746 2413 920 2484 resolutis
941 2415 1122 2488 musculis

106 2531 218 2606 illinc
246 2532 410 2628 oppositi
442 2529 660 2627 praevalent,
694 2555 809 2627 seque
836 2532 1122 2626 contrahentes,

107 2647 330 2724 ittferiorem
356 2647 565 2736 maxillam,
583 2664 648 2718 aut
668 2664 846 2718 truncum
870 2653 1040 2748 corporis
1060 2652 1124 2723 du-

108 2775 227 2854 cu'nt,
265 2780 329 2838 aut
364 2779 521 2836 curvant
549 2790 631 2835 eam
658 2766 698 2836 in
721 2782 863 2862 partem
894 2769 931 2838 in
958 2793 1032 2866 qua
1052 2771 1124 2867 ipsi

109 2897 213 2960 suut.
232 2886 373 2954 Verum
386 2897 426 2954 ut
444 2908 465 2977 q
474 2907 611 2952 urerere
630 2885 798 2954 omittam
826 2910 916 2954 num
941 2886 1017 2959 lunc
1036 2913 1123 2958 con·

110 3002 250 3078 tractio
260 3001 347 3096 jure
365 2999 483 3098 possit
498 3023 567 3095 pro
583 2999 831 3070 convulsione
855 3003 992 3097 accipi,
1014 3020 1079 3072 aut
1094 3010 1124 3075 si

112 3122 251 3222 possit,
272 3117 370 3216 quid'
383 3116 430 3188 ad
446 3118 677 3188 eosattineat
695 3117 741 3188 de
764 3116 904 3214 quibus
924 3118 984 3189 hic
1007 3123 1126 3218 potis-

115 3242 255 3312 simum
285 3237 422 3333 agitur,
442 3249 567 3305 motus
597 3235 863 3321 convulsivos;
890 3250 990 3306 certe
1022 3237 1128 3334 quod

116 3338 347 3451 Caesalpiuus
363 3357 416 3450 (ol
445 3377 490 3422 ex
506 3351 578 3422 illis
602 3353 666 3448 qui
686 3351 745 3422 vel
771 3351 861 3422 olim
884 3350 986 3422 haud
1009 3355 1129 3428 multo

115 3473 228 3546 aliter
243 3469 513 3567 opinabantur,
527 3469 737 3566 quaerebat,
758 3485 791 3540 et
812 3492 882 3540 nos
899 3494 1126 3566 quaeremus:

115 3615 206 3692 quae
234 3589 338 3660 laesc'o
363 3591 622 3686 oppositorum
649 3585 899 3658 laterculorum
923 3599 1131 3691 excogitari

161 3872 206 3954 (ι)
226 3874 320 3948 Epist.
335 3885 414 3930 anat.
432 3874 468 3930 13
479 3914 488 3945 ‚
499 3892 531 3929 n.
546 3890 579 3944 17
595 3889 662 3948 usq.
678 3871 717 3926 ad
729 3889 791 3934 aa„
835 3909 839 3916 ·

161 3973 206 4056 (a)
230 3977 341 4046 Queat.
353 3974 405 4034 cit·
421 3989 468 4030 to.

197 4071 236 4144 6.
