2812 4656
271 453 341 552 278
441 477 488 526 nr
514 473 660 524 sumnus
684 475 729 522 rr
755 473 879 527 crusis
905 473 1117 565 uonnorurt

270 587 461 673 interdum
483 603 599 661 totam
619 608 790 658 mammae
803 583 1020 684 glandulam
1033 600 1285 683 occupantes,

270 695 350 780 non
370 705 486 778 modo
502 719 685 803 perstant,
703 703 768 776 sed
782 701 1050 776 accedentibus
1067 718 1204 801 postea
1220 704 1286 774 do·

271 825 437 911 loribus,
452 821 500 896 ab
515 821 654 897 skirrhi
664 823 704 894 in
719 821 846 894 cancri
862 835 1036 894 naturam
1051 819 1286 919 degenerare
1388 829 1389 922 ξ

267 946 345 1044 jam
376 941 562 1012 videntur.
590 940 742 1038 Legesis
770 937 1024 1036 descriptosa
1055 941 1287 1036 prestantis·
1388 925 1389 930 ¹

271 1063 367 1138 simo
386 1059 532 1132 Trewio
553 1057 628 1156 (ri,
646 1071 683 1154 et
711 1055 907 1153 quomodo
925 1057 1024 1131 intra
1049 1055 1168 1128 finem
1197 1059 1286 1130 anni

254 1179 451 1272 ‚uertentis
467 1176 662 1264 radicitus,
685 1188 722 1250 at
752 1175 831 1248 sine
858 1163 979 1261 ferro,
1006 1175 1286 1272 exstirpaverit,

271 1312 379 1370 utne
405 1296 603 1366 minimum
633 1291 787 1392 quidem
820 1307 1032 1390 superesset
1059 1293 1287 1391 vestigium,
1389 1367 1390 1388 ἶ

273 1435 488 1512 cognosces.
510 1411 582 1484 Alii
595 1435 685 1484 vero
696 1409 902 1509 aliquando
920 1425 1089 1484 tumores
1110 1425 1201 1482 sunt
1223 1413 1287 1508 qui

271 1546 354 1626 tum
368 1528 529 1616 diutius,
544 1529 622 1598 imo
633 1527 842 1601 diutissime
853 1528 892 1598 in
904 1529 1077 1600 mammis
1086 1526 1285 1618 terenda,

167 1687 170 1692 ·
272 1663 356 1720 tum
390 1647 492 1722 notis
529 1645 724 1719 nonnullis
748 1645 830 1719 aliis
861 1660 1034 1721 naturam
1059 1669 1286 1720 cancrorum

271 1765 519 1866 aemulentur,
545 1779 766 1838 nectamen
791 1762 952 1838 eiusad
977 1763 1213 1858 ejuscemodi
1230 1780 1286 1840 tu·
1390 1827 1391 1852 2

272 1904 399 1955 mures
412 1880 579 1978 subjecta
591 1882 630 1952 in
643 1882 776 1981 primis
793 1895 935 1979 spectat
944 1880 1112 1956 historia.

321 2009 379 2092 [μ.
400 2002 588 2074 Monacba
604 2003 743 2076 Patavii
770 2000 842 2076 fuit
870 2027 953 2100 quae
981 2018 1069 2078 ante
1087 2003 1284 2076 annostri-

272 2122 375 2219 ginta
404 2120 576 2194 laborare
603 2122 769 2218 primum
797 2135 963 2218 coeperat
992 2119 1162 2217 disjectis
1189 2122 1283 2196 intra

272 2238 427 2312 alteram
453 2261 655 2321 mammam
684 2237 901 2310 tuberculis.
937 2242 1021 2310 Haec
1058 2236 1216 2314 demum
1246 2240 1282 2310 in
1391 2235 1392 2240 ’

261 2381 394 2430 *unum
419 2370 608 2428 tumorem
638 2347 821 2454 conjungi
838 2358 916 2429 visa
942 2358 1093 2430 suntin
1114 2382 1282 2432 mammae

269 2472 451 2548 inferiore
469 2489 596 2572 parte,
614 2475 738 2570 quiea
756 2489 835 2548 erat
854 2470 1066 2572 superficiei
1088 2474 1281 2573 inaequali·

272 2606 365 2676 tate,
380 2615 522 2687 eosque
537 2590 688 2666 dolores
697 2590 838 2678 ciebat,
855 2608 973 2690 utpro
990 2591 1282 2668 cancrohabitus
1392 2665 1393 2670 ,

274 2710 331 2782 sit.
353 2710 562 2782 Novissime
577 2710 696 2783 auctis
710 2709 1013 2808 doloribus‚ipse
1024 2735 1143 2808 perse
1157 2725 1281 2784 tumor

270 2851 313 2903 se
328 2827 600 2926 aperuit.Tunc
612 2851 703 2898 vero
717 2853 761 2900 ex
779 2827 896 2898 modo
913 2852 991 2925 quo
1009 2851 1047 2905 se
1064 2845 1281 2928 aperuerat,

272 2970 318 3016 ex
338 2945 383 3018 iis
401 2969 483 3044 quae
496 2943 716 3043 prodibant,
744 2961 781 3018 et
797 2946 1062 3044 apparebant,
1083 2971 1222 3039 navus,
1248 2963 1280 3022 et

274 3062 392 3136 solers
408 3050 609 3162 chirurgus
633 3085 712 3132 non
742 3087 820 3135 esse
844 3087 1026 3140 cancrum
1051 3066 1222 3153 censuit,
1247 3081 1280 3138 et

273 3179 416 3252 mederi
434 3181 605 3252 instituit.
621 3183 764 3252 Verum
783 3183 925 3254 curatio
938 3205 1137 3278 nunquam
1149 3207 1194 3254 ex
1207 3206 1280 3256 seu

270 3299 387 3370 tentia
408 3298 590 3395 processit
607 3296 731 3370 donec
746 3297 815 3371 sub
833 3296 949 3370 finem
967 3299 1058 3376 anni
1081 3299 1174 3397 1739
1192 3325 1212 3370 e
1229 3314 1279 3369 tu·

272 3439 378 3486 more
430 3438 569 3514 corpus
603 3417 760 3488 extraxit
795 3415 1043 3502 tuberosum,
1077 3417 1276 3492 mediocris

175 3543 178 3552 “
269 3532 378 3620 nucis
395 3530 583 3627 juglandis
596 3532 856 3630 magnitudine
876 3532 981 3630 quod
1002 3531 1051 3604 ad
1068 3554 1129 3607 me
1145 3532 1273 3606 attulit.

272 3646 476 3744 Constabat
508 3672 553 3720 ex
573 3645 702 3724 frustis
717 3652 832 3724 osseis
853 3649 1027 3748 pluribus
1048 3648 1270 3746 majoribus,

310 4016 352 4096 (ι)
375 4021 538 4079 Commerc.
549 4021 653 4078 Litter.
667 4040 714 4080 an.
733 4028 821 4095 1742,
833 4017 923 4080 hebd.
934 4020 969 4080 52
977 4063 986 4095 ,
999 4042 1029 4083 ιι
1043 4040 1071 4082 a.
