2828 4652
125 448 191 496 mn.
211 436 267 494 111.
295 446 342 493 nu
368 443 504 495 nonnis
521 443 694 510 vaurum,
719 445 831 493 EPIST.
849 447 976 495 XLVIII.
1010 427 1075 524 137

83 561 215 637 secanti
233 559 369 650 modo,
388 558 503 632 sedet
519 557 593 630 illis
609 559 676 656 qui
692 583 814 658 prope
833 584 893 630 me
906 560 1078 652 aderant,

83 682 191 779 magis
218 679 412 777 magisque
439 676 620 749 molestus
643 673 771 765 fieret,
794 676 864 748 alia
882 693 1079 776 praeterea,

84 814 188 896 atque
220 797 291 868 alia
321 793 554 894 perlibenter
581 794 793 892 inquirere,
818 809 855 866 et
879 795 1079 894 diligenter

85 917 287 1014 examinare
315 913 572 1012 perrexissem.
603 915 744 982 Eorum
770 925 897 984 tamen
924 937 1006 1010 quae
1038 914 1080 986 in

86 1048 205 1104 ventre
221 1037 466 1130 supererant,
491 1029 679 1102 viscerum
699 1029 848 1100 nullum
873 1029 951 1101 vidi
975 1031 1081 1128 quod

88 1165 209 1247 prater
225 1146 543 1221 consuetudinem
560 1161 656 1219 esset
671 1145 917 1245 duplicatum.

130 1266 395 1360 58..Quoniam
417 1280 545 1365 partus
570 1262 768 1338 infelicitas
794 1290 876 1363 quae
904 1266 943 1335 in
972 1266 1082 1364 prole

88 1400 281 1483 spectatur,
303 1407 383 1456 non
408 1383 531 1455 soluin
560 1396 651 1453 tunc
677 1397 733 1455 est
763 1407 850 1454 cum
872 1397 1084 1456 monstrosa

88 1501 156 1577 hec
173 1504 362 1593 nascitur,
379 1501 659 1589 verumetiam,
686 1513 730 1572 ut
748 1500 935 1599 supralr)
959 1503 1084 1601 posui·

90 1644 180 1711 mus,
197 1645 287 1696 curn
304 1636 359 1693 est
382 1620 485 1719 gravi
513 1619 586 1690 alio
610 1605 737 1718 aliquo
758 1620 850 1691 vitio
868 1616 1021 1710 affecta3
1036 1619 1084 1692 de

89 1738 149 1810 hac
164 1726 321 1839 quoque
337 1735 555 1810 infelicitate
567 1759 687 1836 pauca
698 1737 853 1836 quidem
865 1735 915 1811 ob
928 1761 1085 1838 provec-

90 1871 154 1930 tam
176 1860 252 1957 jam
289 1857 440 1956 longius
472 1857 693 1954 epistolam,
732 1855 979 1956 attingemus,
1005 1881 1085 1928 non

91 1976 186 2073 quod
208 1975 333 2049 multo
350 1975 461 2075 plura
477 1975 532 2047 rei
551 1971 730 2072 dignitas,
757 1988 871 2071 atque
895 1971 990 2045 adeo
1017 1999 1088 2045 ne·

93 2096 230 2168 cessitas
255 2118 336 2166 non
370 2093 590 2193 postularet.
617 2095 738 2164 Pauca
770 2093 871 2164 enim
900 2088 1088 2202 infantum

91 2211 170 2284 titia
185 2227 273 2286 sunt
292 2235 374 2311 quae
393 2211 516 2311 reipsa
531 2209 667 2282 cadant
687 2208 757 2282 sub
777 2233 926 2299 sensus,
950 2209 981 2281 si
1001 2231 1087 2280 cum

95 2331 245 2404 maximo
257 2352 422 2403 numero
444 2324 617 2400 conferas
637 2329 898 2418 internorum;
921 2326 1088 2400 haecau-

94 2460 160 2518 tem
182 2473 262 2548 quae
291 2447 451 2538 humaui
477 2446 626 2546 generis
651 2469 832 2545 'magnam
858 2459 1004 2545 partem
1027 2445 1090 2515 vix

93 2562 217 2637 editam
234 2565 459 2652 absumunt,
477 2579 584 2637 tanto
608 2560 776 2652 facilius,
799 2579 942 2662 quanto
963 2562 1090 2635 minus

93 2694 174 2754 tunc
185 2707 290 2773 vasa,
312 2697 350 2756 et
365 2681 507 2754 viscera
526 2683 654 2754 omnia
672 2680 722 2752 ob
740 2680 1034 2755 teneritudinem
1047 2703 1091 2751 ae

93 2797 278 2872 mollitiem
312 2797 450 2871 idonea
486 2813 595 2886 sunt,
622 2812 665 2870 ut
691 2821 730 2870 se
747 2796 926 2870 adversus
942 2811 1092 2896 prater·

93 2915 271 2990 naturales
305 2914 573 3005 distentiones,
611 2915 868 2988 attritionesve
895 2927 1093 3000 tueantur,

95 3031 226 3106 nedum
243 3049 288 3106 ut
316 3035 449 3105 vitium
472 3034 632 3130 alicujus
664 3031 817 3105 alterius
846 3032 1015 3118 visceris,
1031 3022 1095 3102 aut

96 3151 181 3223 vasis
200 3151 411 3248 corrigant,
443 3150 546 3224 unde
569 3143 658 3241 illae',
700 3165 765 3222 aut
783 3149 860 3221 aliae
879 3150 917 3219 in
942 3171 981 3219 se
997 3147 1095 3244 inju-

94 3264 149 3336 riae
170 3269 474 3367 proficiscuntur.
499 3271 587 3342 Huc¹
600 3268 694 3340 illud
717 3267 976 3366 gravissimum
994 3287 1097 3336 acce·

95 3377 143 3452 dit
154 3382 460 3474 incommodum,
471 3383 575 3484 quod
598 3383 757 3468 medici,
772 3409 851 3454 non
868 3397 910 3455 ut
924 3379 1095 3454 abadul·

95 3495 156 3586 tis,
167 3501 273 3574 itaab
290 3499 498 3576 infantibus
508 3505 743 3576 narrationes
753 3515 930 3600 possunt,
942 3514 1008 3572 aut
1021 3525 1096 3572 res-

94 3620 293 3710 ponsiones
318 3621 511 3719 accipere,
533 3618 738 3720 exquibus
758 3618 990 3716 intelligant,
1019 3643 1096 3716 qua

135 3991 176 4071 υ)
194 3995 234 4053 N·
257 4000 307 4068 47·
