2784 5088
274 421 346 496 520
440 448 487 496 nr
514 445 661 496 surmus
685 447 728 494 rr
754 446 879 494 causis
904 445 1114 496 monnonnu

272 561 461 659 Angustiae
483 575 632 648 tamen,
652 575 689 632 et
708 555 912 658 obliquitas
935 561 1105 634 vulneris
1124 559 1283 634 obstite-

273 694 364 752 runt
376 733 386 766 ,
399 693 442 750 ut
452 677 808 776 opinor‚ejusmodi
826 679 1021 776 sanguini,
1040 703 1090 750 ne
1109 703 1184 776 per
1201 679 1282 748 vul·

272 798 374 868 neris
394 811 591 870 externum
606 789 793 867 orificium
803 794 1023 893 proflueret.
1041 798 1130 886 Quo
1149 794 1198 866 ab
1214 797 1282 866 ori·

274 912 362 986 ficio
408 915 507 986 viam
548 913 659 985 cultri
702 929 991 1012 persequentes,
1033 915 1283 1011 cognovimus

271 1029 377 1104 hune
394 1031 442 1104 ab
459 1058 528 1121 eo,
545 1055 659 1130 quem
674 1032 850 1119 diximus,
863 1031 949 1102 loco
958 1033 1235 1116 interemtam,
1249 1045 1283 1100 et

274 1165 416 1222 costam
431 1150 621 1238 adactum,
638 1149 794 1247 oblique
803 1173 952 1222 sursum
964 1167 981 1236 ,'
993 1164 1029 1220 et
1039 1148 1281 1220 dextrorsum

272 1267 320 1339 ad
339 1267 623 1354 mediastinum,
642 1267 913 1367 pericardium,
941 1281 978 1337 et
1000 1267 1172 1337 anterius
1185 1269 1281 1338 latus

272 1386 414 1458 sinistri
444 1385 569 1458 cordis
589 1385 789 1456 ventriculi
820 1382 1156 1482 pertundendum,
1185 1385 1282 1454 circa

272 1503 439 1575 medium
456 1500 573 1574 ferme
595 1501 843 1600 longitudinis
864 1500 1033 1599 ejusdem
1049 1500 1177 1574 lateris
1196 1526 1282 1600 per·

272 1621 430 1692 venisse.
462 1626 551 1692 Erat
573 1621 727 1718 quidem
753 1623 793 1691 in
825 1621 1009 1693 exteriore
1036 1619 1164 1694 cordis
1190 1619 1281 1692 facie

193 1750 196 1756 '
273 1738 412 1812 vulnus
428 1753 646 1836 angustum,
665 1737 730 1810 sed
743 1762 822 1809 non
835 1739 961 1810 minus
973 1739 1148 1837 longum,
1167 1761 1280 1836 quam

273 1872 508 1930 transversus
542 1871 741 1928 extremus¹
762 1879 857 1954 apex
877 1888 879 1893 ·
900 1855 1050 1928 minimi
1079 1856 1209 1954 digiti,
1240 1870 1282 1926 ut

274 1990 405 2073 aperto
426 1999 447 2045 a
468 1999 529 2046 me
550 1998 595 2046 eo
613 1974 841 2062 ventriculo,
861 1976 1020 2046 mirarer
1038 1975 1224 2072 primum,
1243 1975 1282 2044 in

274 2091 368 2166 facie
387 2093 566 2164 interiore
586 2090 702 2168 finem
714 2091 881 2164 vulneris
895 2117 976 2162 non
995 2116 1200 2190 apparere,
1217 2091 1283 2163 do

275 2235 347 2282 nec
365 2225 468 2282 ratus
480 2208 587 2307 quod
601 2224 700 2296 erat,
721 2207 768 2280 ab
788 2211 970 2306 appositis
986 2215 1214 2280 corneorum
1230 2209 1282 2280 la-

275 2328 509 2402 certulorum
527 2326 693 2427 reticulis
729 2325 896 2400 vulneris
928 2324 1100 2399 foramen
1125 2327 1280 2398 obduci.

275 2447 360 2535 his,
387 2462 430 2518 ut
449 2445 606 2544 epistola
628 2446 839 2518 anatomica
855 2449 924 2516 XV
952 2445 1004 2542 (ι)
1034 2445 1180 2517 dictum
1209 2462 1266 2518 est

277 2564 477 2662 diligenter
506 2563 665 2652 amotis,
700 2560 941 2636 manifestum
978 2563 1157 2636 omnibus
1192 2563 1264 2635 fuit

276 2680 415 2752 vulnus
430 2695 507 2751 tota
516 2681 667 2779 parietis
678 2680 1161 2779 crassitudine,intimaque
1173 2707 1275 2753 mem

275 2799 394 2870 brana
414 2813 580 2895 pertusa,
603 2799 643 2870 in
670 2823 804 2870 cavum
829 2799 1028 2870 ventriculi
1053 2802 1273 2897 pervenisse

276 2922 320 2988 In
338 2915 586 3014 pulmonibus
600 2941 679 2987 non
697 2916 813 2988 modo
830 2913 962 2988 faciem
984 2920 1104 3015 ipsam
1124 2921 1274 2991 anterio

276 3059 358 3106 rem
376 3059 419 3106 ex
433 3035 542 3132 nigro
559 3034 806 3132 variegatam,
822 3034 886 3107 sed
901 3049 937 3105 et
954 3035 1126 3107 ciborum
1138 3054 1274 3134 parten

278 3152 618 3250 deprehendimus,
645 3176 779 3249 quam,
809 3153 900 3226 dum
925 3152 966 3224 hi
985 3157 1131 3226 vomitu
1152 3158 1274 3252 rejicr·

276 3286 428 3359 rentur,
442 3269 671 3368 perturbatis
687 3273 728 3341 in
742 3272 975 3346 tumultuosa
987 3272 1052 3344 illa
1065 3275 1182 3345 totius
1205 3299 1274 3346 co·-

278 3389 381 3485 poris
396 3389 613 3484 agitatione,
629 3403 666 3460 et
674 3387 930 3460 deficientium
941 3391 1078 3460 virium
1090 3391 1274 3489 languor,

277 3506 617 3578 instrumentorum
627 3531 710 3604 quae
729 3507 776 3578 ad
791 3505 916 3579 fauces
936 3523 1036 3595 sunt,
1059 3513 1275 3606 opportuns

190 3670 193 3678 ·
278 3620 430 3709 officiis,
451 3622 583 3720 larynx
613 3623 885 3723 interceperat,
917 3640 960 3698 ut
981 3625 1137 3698 illorum
1162 3644 1275 3726 porto

280 3838 1269 3867 *tn—m

315 3993 361 4072 (ι)
380 3995 418 4052 n.
434 3993 486 4052 σι.
