<?xml version="1.0" encoding="UTF-8"?>
<!DOCTYPE html PUBLIC "-//W3C//DTD XHTML 1.0 Transitional//EN"
    "http://www.w3.org/TR/xhtml1/DTD/xhtml1-transitional.dtd">
<html xmlns="http://www.w3.org/1999/xhtml" xml:lang="en" lang="en">
 <head>
  <title>
</title>
<meta http-equiv="Content-Type" content="text/html;charset=utf-8" />
  <meta name='ocr-system' content='tesseract 3.04.00' />
  <meta name='ocr-capabilities' content='ocr_page ocr_carea ocr_par ocr_line ocrx_word'/>
</head>
<body>
  <div class='ocr_page' id='page_1' title='image "./desedibusetcaus03adelgoog_0074.png"; bbox 0 0 2872 4660; ppageno 0'>
   <div class='ocr_carea' id='block_1_1' title="bbox 235 583 240 633">
    <p class='ocr_par' dir='ltr' id='par_1_1' title="bbox 235 583 240 633">
     <span class='ocr_line' id='line_1_1' title="bbox 235 583 240 633; baseline 0 0"><span class='ocrx_word' id='word_1_1' title='bbox 235 583 240 633; x_wconf 85' lang='lat' dir='ltr'><strong>l</strong></span> 
     </span>
    </p>
   </div>
   <div class='ocr_carea' id='block_1_2' title="bbox 302 391 1138 468">
    <p class='ocr_par' dir='ltr' id='par_1_2' title="bbox 302 391 1138 468">
     <span class='ocr_line' id='line_1_2' title="bbox 302 391 1138 468; baseline -0.008 -1"><span class='ocrx_word' id='word_1_2' title='bbox 302 391 352 468; x_wconf 88' lang='grc'><strong>66</strong></span> <span class='ocrx_word' id='word_1_3' title='bbox 465 405 685 460; x_wconf 58' lang='lat' dir='ltr'><strong>nestoreos</strong></span> <span class='ocrx_word' id='word_1_4' title='bbox 708 411 754 459; x_wconf 80' lang='grc' dir='ltr'><strong>ιι·</strong></span> <span class='ocrx_word' id='word_1_5' title='bbox 778 409 903 460; x_wconf 85' lang='lat' dir='ltr'><strong>csusrs</strong></span> <span class='ocrx_word' id='word_1_6' title='bbox 928 409 1138 461; x_wconf 73' lang='lat' dir='ltr'><strong>nonnosum</strong></span> 
     </span>
    </p>
   </div>
   <div class='ocr_carea' id='block_1_3' title="bbox 291 507 1316 2370">
    <p class='ocr_par' dir='ltr' id='par_1_3' title="bbox 291 507 1316 2370">
     <span class='ocr_line' id='line_1_3' title="bbox 303 507 1315 602; baseline 0.002 -2"><span class='ocrx_word' id='word_1_7' title='bbox 303 543 406 600; x_wconf 80' lang='lat' dir='ltr'><strong>terea</strong></span> <span class='ocrx_word' id='word_1_8' title='bbox 431 524 559 600; x_wconf 77' lang='lat' dir='ltr'><strong>foetida</strong></span> <span class='ocrx_word' id='word_1_9' title='bbox 584 523 783 596; x_wconf 80' lang='lat' dir='ltr'><strong>materiae</strong></span> <span class='ocrx_word' id='word_1_10' title='bbox 802 507 1039 601; x_wconf 86' lang='lat' dir='ltr'><strong>naturalibus</strong></span> <span class='ocrx_word' id='word_1_11' title='bbox 1067 525 1192 600; x_wconf 83' lang='lat' dir='ltr'><strong>exibat</strong></span> <span class='ocrx_word' id='word_1_12' title='bbox 1224 551 1315 602; x_wconf 87' lang='lat' dir='ltr'><strong>curn</strong></span> 
     </span>
     <span class='ocr_line' id='line_1_4' title="bbox 304 641 1316 742; baseline 0.002 -24"><span class='ocrx_word' id='word_1_13' title='bbox 304 642 430 740; x_wconf 79' lang='lat' dir='ltr'><strong>frustis</strong></span> <span class='ocrx_word' id='word_1_14' title='bbox 447 641 699 718; x_wconf 78' lang='lat' dir='ltr'><strong>secundarum</strong></span> <span class='ocrx_word' id='word_1_15' title='bbox 718 641 926 714; x_wconf 74' lang='lat' dir='ltr'><strong>nonnullis.</strong></span> <span class='ocrx_word' id='word_1_16' title='bbox 956 644 1133 742; x_wconf 85' lang='lat' dir='ltr'><strong>Denique</strong></span> <span class='ocrx_word' id='word_1_17' title='bbox 1152 647 1316 720; x_wconf 87' lang='lat' dir='ltr'><strong>convul-</strong></span> 
     </span>
     <span class='ocr_line' id='line_1_5' title="bbox 303 758 1314 858; baseline 0.001 -20"><span class='ocrx_word' id='word_1_18' title='bbox 303 764 373 838; x_wconf 81' lang='lat' dir='ltr'><strong>sivi</strong></span> <span class='ocrx_word' id='word_1_19' title='bbox 391 777 538 850; x_wconf 83' lang='lat' dir='ltr'><strong>motus,</strong></span> <span class='ocrx_word' id='word_1_20' title='bbox 556 773 593 834; x_wconf 90' lang='lat' dir='ltr'><strong>et</strong></span> <span class='ocrx_word' id='word_1_21' title='bbox 612 759 798 858; x_wconf 81' lang='lat' dir='ltr'><strong>singultus</strong></span> <span class='ocrx_word' id='word_1_22' title='bbox 817 758 1020 858; x_wconf 82' lang='lat' dir='ltr'><strong>ingruunl:</strong></span> <span class='ocrx_word' id='word_1_23' title='bbox 1048 775 1184 835; x_wconf 83' lang='lat' dir='ltr'><strong>venter</strong></span> <span class='ocrx_word' id='word_1_24' title='bbox 1201 765 1314 840; x_wconf 78' lang='lat' dir='ltr'><strong>valde</strong></span> 
     </span>
     <span class='ocr_line' id='line_1_6' title="bbox 299 875 1315 998; baseline -0.002 -42"><span class='ocrx_word' id='word_1_25' title='bbox 299 881 534 956; x_wconf 76' lang='lat' dir='ltr'><strong>intumescit:</strong></span> <span class='ocrx_word' id='word_1_26' title='bbox 554 892 591 952; x_wconf 89' lang='lat' dir='ltr'><strong>et</strong></span> <span class='ocrx_word' id='word_1_27' title='bbox 606 901 703 976; x_wconf 69' lang='lat' dir='ltr'><strong>egra</strong></span> <span class='ocrx_word' id='word_1_28' title='bbox 713 876 921 950; x_wconf 87' lang='lat' dir='ltr'><strong>undecimo</strong></span> <span class='ocrx_word' id='word_1_29' title='bbox 938 903 960 950; x_wconf 86' lang='lat' dir='ltr'><strong>a</strong></span> <span class='ocrx_word' id='word_1_30' title='bbox 946 894 1092 998; x_wconf 82' lang='lat' dir='ltr'><strong>partu</strong></span> <span class='ocrx_word' id='word_1_31' title='bbox 1115 875 1176 954; x_wconf 76' lang='lat' dir='ltr'><strong>esre</strong></span> <span class='ocrx_word' id='word_1_32' title='bbox 1194 884 1315 954; x_wconf 90' lang='lat' dir='ltr'><strong>mori-</strong></span> 
     </span>
     <span class='ocr_line' id='line_1_7' title="bbox 299 996 1313 1094; baseline -0.002 -19"><span class='ocrx_word' id='word_1_33' title='bbox 299 1015 373 1075; x_wconf 90' lang='lat' dir='ltr'><strong>tur</strong></span> <span class='ocrx_word' id='word_1_34' title='bbox 392 1003 698 1094; x_wconf 79' lang='lat' dir='ltr'><strong>Ventreaperto,</strong></span> <span class='ocrx_word' id='word_1_35' title='bbox 713 996 911 1085; x_wconf 77' lang='lat' dir='ltr'><strong>intestina,</strong></span> <span class='ocrx_word' id='word_1_36' title='bbox 934 1011 971 1069; x_wconf 87' lang='lat' dir='ltr'><strong>et</strong></span> <span class='ocrx_word' id='word_1_37' title='bbox 990 999 1225 1073; x_wconf 78' lang='lat' dir='ltr'><strong>ventriculus</strong></span> <span class='ocrx_word' id='word_1_38' title='bbox 1243 999 1313 1072; x_wconf 81' lang='lat' dir='ltr'><strong>fla-</strong></span> 
     </span>
     <span class='ocr_line' id='line_1_8' title="bbox 299 1111 1314 1214; baseline -0.001 -23"><span class='ocrx_word' id='word_1_39' title='bbox 299 1117 402 1192; x_wconf 89' lang='lat' dir='ltr'><strong>tibus</strong></span> <span class='ocrx_word' id='word_1_40' title='bbox 415 1114 511 1188; x_wconf 88' lang='lat' dir='ltr'><strong>adeo</strong></span> <span class='ocrx_word' id='word_1_41' title='bbox 531 1111 677 1186; x_wconf 87' lang='lat' dir='ltr'><strong>tumida</strong></span> <span class='ocrx_word' id='word_1_42' title='bbox 694 1128 848 1211; x_wconf 79' lang='lat' dir='ltr'><strong>reperta</strong></span> <span class='ocrx_word' id='word_1_43' title='bbox 864 1128 980 1203; x_wconf 90' lang='lat' dir='ltr'><strong>sunt,</strong></span> <span class='ocrx_word' id='word_1_44' title='bbox 995 1127 1039 1186; x_wconf 88' lang='lat' dir='ltr'><strong>ut</strong></span> <span class='ocrx_word' id='word_1_45' title='bbox 1058 1113 1121 1186; x_wconf 90' lang='lat' dir='ltr'><strong>bic</strong></span> <span class='ocrx_word' id='word_1_46' title='bbox 1141 1116 1314 1214; x_wconf 76' lang='lat' dir='ltr'><strong>quadru-</strong></span> 
     </span>
     <span class='ocr_line' id='line_1_9' title="bbox 299 1231 1314 1337; baseline 0 -29"><span class='ocrx_word' id='word_1_47' title='bbox 299 1235 365 1337; x_wconf 85' lang='lat' dir='ltr'><strong>plo</strong></span> <span class='ocrx_word' id='word_1_48' title='bbox 385 1233 507 1330; x_wconf 82' lang='lat' dir='ltr'><strong>majus</strong></span> <span class='ocrx_word' id='word_1_49' title='bbox 528 1231 689 1330; x_wconf 82' lang='lat' dir='ltr'><strong>spatium</strong></span> <span class='ocrx_word' id='word_1_50' title='bbox 711 1243 936 1329; x_wconf 78' lang='lat' dir='ltr'><strong>occuparet,</strong></span> <span class='ocrx_word' id='word_1_51' title='bbox 965 1253 1079 1330; x_wconf 80' lang='lat' dir='ltr'><strong>quarn</strong></span> <span class='ocrx_word' id='word_1_52' title='bbox 1099 1233 1314 1308; x_wconf 87' lang='lat' dir='ltr'><strong>secundum</strong></span> 
     </span>
     <span class='ocr_line' id='line_1_10' title="bbox 291 1345 1314 1450; baseline -0.001 -23"><span class='ocrx_word' id='word_1_53' title='bbox 291 1367 474 1437; x_wconf 75' lang='lat' dir='ltr'><strong>¹usturam</strong></span> <span class='ocrx_word' id='word_1_54' title='bbox 486 1349 613 1423; x_wconf 86' lang='lat' dir='ltr'><strong>soleat.</strong></span> <span class='ocrx_word' id='word_1_55' title='bbox 632 1345 802 1422; x_wconf 86' lang='lat' dir='ltr'><strong>Dissecto</strong></span> <span class='ocrx_word' id='word_1_56' title='bbox 820 1365 951 1438; x_wconf 89' lang='lat' dir='ltr'><strong>utero,</strong></span> <span class='ocrx_word' id='word_1_57' title='bbox 973 1373 1110 1449; x_wconf 84' lang='lat' dir='ltr'><strong>magna</strong></span> <span class='ocrx_word' id='word_1_58' title='bbox 1123 1351 1314 1450; x_wconf 79' lang='lat' dir='ltr'><strong>placentae</strong></span> 
     </span>
     <span class='ocr_line' id='line_1_11' title="bbox 298 1467 1313 1573; baseline 0.002 -31"><span class='ocrx_word' id='word_1_59' title='bbox 298 1471 425 1573; x_wconf 82' lang='lat' dir='ltr'><strong>portio</strong></span> <span class='ocrx_word' id='word_1_60' title='bbox 444 1467 629 1555; x_wconf 90' lang='lat' dir='ltr'><strong>occurrit,</strong></span> <span class='ocrx_word' id='word_1_61' title='bbox 647 1467 755 1563; x_wconf 85' lang='lat' dir='ltr'><strong>cujus</strong></span> <span class='ocrx_word' id='word_1_62' title='bbox 771 1491 860 1566; x_wconf 81' lang='lat' dir='ltr'><strong>pars</strong></span> <span class='ocrx_word' id='word_1_63' title='bbox 882 1491 952 1566; x_wconf 90' lang='lat' dir='ltr'><strong>per</strong></span> <span class='ocrx_word' id='word_1_64' title='bbox 971 1491 1016 1540; x_wconf 83' lang='lat' dir='ltr'><strong>oe</strong></span> <span class='ocrx_word' id='word_1_65' title='bbox 1030 1469 1132 1540; x_wconf 86' lang='lat' dir='ltr'><strong>uteri</strong></span> <span class='ocrx_word' id='word_1_66' title='bbox 1143 1493 1313 1570; x_wconf 86' lang='lat' dir='ltr'><strong>propen-</strong></span> 
     </span>
     <span class='ocr_line' id='line_1_12' title="bbox 300 1582 1315 1686; baseline -0.003 -23"><span class='ocrx_word' id='word_1_67' title='bbox 300 1588 437 1677; x_wconf 82' lang='lat' dir='ltr'><strong>debat,</strong></span> <span class='ocrx_word' id='word_1_68' title='bbox 459 1610 549 1686; x_wconf 81' lang='lat' dir='ltr'><strong>pers</strong></span> <span class='ocrx_word' id='word_1_69' title='bbox 563 1599 675 1658; x_wconf 89' lang='lat' dir='ltr'><strong>utero</strong></span> <span class='ocrx_word' id='word_1_70' title='bbox 689 1599 791 1658; x_wconf 79' lang='lat' dir='ltr'><strong>arcte</strong></span> <span class='ocrx_word' id='word_1_71' title='bbox 811 1585 907 1658; x_wconf 86' lang='lat' dir='ltr'><strong>adeo</strong></span> <span class='ocrx_word' id='word_1_72' title='bbox 924 1582 1166 1685; x_wconf 77' lang='lat' dir='ltr'><strong>affigebatur,</strong></span> <span class='ocrx_word' id='word_1_73' title='bbox 1187 1601 1231 1660; x_wconf 90' lang='lat' dir='ltr'><strong>ut</strong></span> <span class='ocrx_word' id='word_1_74' title='bbox 1248 1589 1315 1660; x_wconf 83' lang='lat' dir='ltr'><strong>rix</strong></span> 
     </span>
     <span class='ocr_line' id='line_1_13' title="bbox 299 1703 1313 1808; baseline -0.001 -29"><span class='ocrx_word' id='word_1_75' title='bbox 299 1722 447 1808; x_wconf 84' lang='lat' dir='ltr'><strong>posset,</strong></span> <span class='ocrx_word' id='word_1_76' title='bbox 461 1703 572 1776; x_wconf 85' lang='lat' dir='ltr'><strong>cultri</strong></span> <span class='ocrx_word' id='word_1_77' title='bbox 590 1705 701 1776; x_wconf 86' lang='lat' dir='ltr'><strong>etiam</strong></span> <span class='ocrx_word' id='word_1_78' title='bbox 721 1727 817 1802; x_wconf 86' lang='lat' dir='ltr'><strong>ope,</strong></span> <span class='ocrx_word' id='word_1_79' title='bbox 832 1704 1005 1802; x_wconf 80' lang='lat' dir='ltr'><strong>seperari.</strong></span> <span class='ocrx_word' id='word_1_80' title='bbox 1023 1703 1222 1796; x_wconf 82' lang='lat' dir='ltr'><strong>Eratbaec,</strong></span> <span class='ocrx_word' id='word_1_81' title='bbox 1237 1731 1313 1778; x_wconf 84' lang='lat' dir='ltr'><strong>na-</strong></span> 
     </span>
     <span class='ocr_line' id='line_1_14' title="bbox 298 1821 1314 1922; baseline -0.001 -24"><span class='ocrx_word' id='word_1_82' title='bbox 298 1823 632 1898; x_wconf 78' lang='lat' dir='ltr'><strong>turaliobscureta</strong></span> <span class='ocrx_word' id='word_1_83' title='bbox 652 1835 859 1912; x_wconf 82' lang='lat' dir='ltr'><strong>structura,</strong></span> <span class='ocrx_word' id='word_1_84' title='bbox 870 1824 910 1894; x_wconf 88' lang='lat' dir='ltr'><strong>in</strong></span> <span class='ocrx_word' id='word_1_85' title='bbox 927 1821 1068 1894; x_wconf 87' lang='lat' dir='ltr'><strong>durum</strong></span> <span class='ocrx_word' id='word_1_86' title='bbox 1089 1847 1250 1922; x_wconf 82' lang='lat' dir='ltr'><strong>corpus,</strong></span> <span class='ocrx_word' id='word_1_87' title='bbox 1268 1839 1314 1897; x_wconf 85' lang='lat' dir='ltr'><strong>et</strong></span> 
     </span>
     <span class='ocr_line' id='line_1_15' title="bbox 298 1941 1313 2043; baseline 0 -29"><span class='ocrx_word' id='word_1_88' title='bbox 298 1943 459 2043; x_wconf 83' lang='lat' dir='ltr'>pessime</span> <span class='ocrx_word' id='word_1_89' title='bbox 485 1941 591 2016; x_wconf 81' lang='lat' dir='ltr'><strong>olens</strong></span> <span class='ocrx_word' id='word_1_90' title='bbox 611 1941 832 2038; x_wconf 79' lang='lat' dir='ltr'><strong>constipata.</strong></span> <span class='ocrx_word' id='word_1_91' title='bbox 857 1943 949 2012; x_wconf 70' lang='lat' dir='ltr'><strong>Eam</strong></span> <span class='ocrx_word' id='word_1_92' title='bbox 977 1955 1123 2030; x_wconf 84' lang='lat' dir='ltr'><strong>auteur,</strong></span> <span class='ocrx_word' id='word_1_93' title='bbox 1155 1941 1218 2014; x_wconf 91' lang='lat' dir='ltr'><strong>cui</strong></span> <span class='ocrx_word' id='word_1_94' title='bbox 1243 1941 1313 2014; x_wconf 81' lang='lat' dir='ltr'><strong>rd-</strong></span> 
     </span>
     <span class='ocr_line' id='line_1_16' title="bbox 298 2057 1313 2161; baseline -0.001 -27"><span class='ocrx_word' id='word_1_95' title='bbox 298 2061 473 2150; x_wconf 82' lang='lat' dir='ltr'><strong>baeserct,</strong></span> <span class='ocrx_word' id='word_1_96' title='bbox 487 2059 586 2132; x_wconf 86' lang='lat' dir='ltr'><strong>uteri</strong></span> <span class='ocrx_word' id='word_1_97' title='bbox 597 2073 745 2157; x_wconf 86' lang='lat' dir='ltr'><strong>partem</strong></span> <span class='ocrx_word' id='word_1_98' title='bbox 760 2057 871 2130; x_wconf 87' lang='lat' dir='ltr'><strong>altior</strong></span> <span class='ocrx_word' id='word_1_99' title='bbox 879 2057 1129 2161; x_wconf 82' lang='lat' dir='ltr'><strong>inflammatio</strong></span> <span class='ocrx_word' id='word_1_100' title='bbox 1146 2083 1313 2159; x_wconf 81' lang='lat' dir='ltr'><strong>occupa-</strong></span> 
     </span>
     <span class='ocr_line' id='line_1_17' title="bbox 298 2173 1313 2276; baseline -0.002 -24"><span class='ocrx_word' id='word_1_101' title='bbox 298 2179 380 2268; x_wconf 79' lang='lat' dir='ltr'><strong>hat,</strong></span> <span class='ocrx_word' id='word_1_102' title='bbox 393 2201 476 2276; x_wconf 82' lang='lat' dir='ltr'><strong>quae</strong></span> <span class='ocrx_word' id='word_1_103' title='bbox 495 2201 564 2276; x_wconf 90' lang='lat' dir='ltr'><strong>per</strong></span> <span class='ocrx_word' id='word_1_104' title='bbox 578 2175 771 2274; x_wconf 86' lang='lat' dir='ltr'><strong>reliquam·</strong></span> <span class='ocrx_word' id='word_1_105' title='bbox 799 2177 910 2248; x_wconf 83' lang='lat' dir='ltr'><strong>etiam</strong></span> <span class='ocrx_word' id='word_1_106' title='bbox 942 2175 1044 2247; x_wconf 78' lang='lat' dir='ltr'><strong>illam</strong></span> <span class='ocrx_word' id='word_1_107' title='bbox 1065 2173 1214 2267; x_wconf 77' lang='lat' dir='ltr'><strong>faciem,</strong></span> <span class='ocrx_word' id='word_1_108' title='bbox 1244 2176 1313 2254; x_wconf 82' lang='lat' dir='ltr'><strong>sed</strong></span> 
     </span>
     <span class='ocr_line' id='line_1_18' title="bbox 299 2292 735 2370; baseline -0.016 0"><span class='ocrx_word' id='word_1_109' title='bbox 299 2297 432 2370; x_wconf 87' lang='lat' dir='ltr'><strong>leviter</strong></span> <span class='ocrx_word' id='word_1_110' title='bbox 451 2292 735 2368; x_wconf 79' lang='lat' dir='ltr'><strong>extendebatur.</strong></span> 
     </span>
    </p>
   </div>
   <div class='ocr_carea' id='block_1_4' title="bbox 350 2383 1354 2511">
    <p class='ocr_par' dir='ltr' id='par_1_4' title="bbox 350 2383 1354 2511">
     <span class='ocr_line' id='line_1_19' title="bbox 350 2383 1354 2511; baseline 0 -25"><span class='ocrx_word' id='word_1_111' title='bbox 350 2439 408 2511; x_wconf 81' lang='lat'><strong>29.</strong></span> <span class='ocrx_word' id='word_1_112' title='bbox 428 2416 510 2484; x_wconf 82' lang='lat' dir='ltr'><strong>Sive</strong></span> <span class='ocrx_word' id='word_1_113' title='bbox 527 2411 575 2484; x_wconf 87' lang='lat' dir='ltr'><strong>ad</strong></span> <span class='ocrx_word' id='word_1_114' title='bbox 595 2409 786 2484; x_wconf 79' lang='lat' dir='ltr'><strong>infelicem</strong></span> <span class='ocrx_word' id='word_1_115' title='bbox 803 2426 974 2510; x_wconf 80' lang='lat' dir='ltr'><strong>parturn,</strong></span> <span class='ocrx_word' id='word_1_116' title='bbox 991 2411 1131 2510; x_wconf 86' lang='lat' dir='ltr'><strong>dequo</strong></span> <span class='ocrx_word' id='word_1_117' title='bbox 1145 2413 1223 2508; x_wconf 83' lang='lat' dir='ltr'><strong>jam</strong></span> <span class='ocrx_word' id='word_1_118' title='bbox 1244 2439 1314 2486; x_wconf 91' lang='lat' dir='ltr'><strong>no-</strong></span> <span class='ocrx_word' id='word_1_119' title='bbox 1352 2383 1354 2388; x_wconf 23' lang='grc' dir='ltr'>Ι</span> 
     </span>
    </p>
   </div>
   <div class='ocr_carea' id='block_1_5' title="bbox 296 2528 1314 3100">
    <p class='ocr_par' dir='ltr' id='par_1_5' title="bbox 296 2528 1314 3100">
     <span class='ocr_line' id='line_1_20' title="bbox 298 2528 1314 2628; baseline 0 -24"><span class='ocrx_word' id='word_1_120' title='bbox 298 2531 358 2604; x_wconf 93' lang='lat' dir='ltr'><strong>bis</strong></span> <span class='ocrx_word' id='word_1_121' title='bbox 389 2529 633 2604; x_wconf 86' lang='lat' dir='ltr'><strong>scribendum</strong></span> <span class='ocrx_word' id='word_1_122' title='bbox 654 2543 731 2618; x_wconf 84' lang='lat' dir='ltr'><strong>est,</strong></span> <span class='ocrx_word' id='word_1_123' title='bbox 753 2529 829 2601; x_wconf 87' lang='lat' dir='ltr'><strong>sive</strong></span> <span class='ocrx_word' id='word_1_124' title='bbox 847 2528 897 2600; x_wconf 94' lang='lat' dir='ltr'><strong>ob</strong></span> <span class='ocrx_word' id='word_1_125' title='bbox 912 2528 1117 2602; x_wconf 77' lang='lat' dir='ltr'><strong>violentam</strong></span> <span class='ocrx_word' id='word_1_126' title='bbox 1140 2553 1314 2628; x_wconf 79' lang='lat' dir='ltr'><strong>causam,</strong></span> 
     </span>
     <span class='ocr_line' id='line_1_21' title="bbox 298 2645 1311 2750; baseline 0.001 -29"><span class='ocrx_word' id='word_1_127' title='bbox 298 2674 383 2750; x_wconf 82' lang='lat' dir='ltr'><strong>quae</strong></span> <span class='ocrx_word' id='word_1_128' title='bbox 397 2645 595 2734; x_wconf 84' lang='lat' dir='ltr'><strong>infantem,</strong></span> <span class='ocrx_word' id='word_1_129' title='bbox 606 2671 652 2718; x_wconf 89' lang='lat' dir='ltr'><strong>eo</strong></span> <span class='ocrx_word' id='word_1_130' title='bbox 664 2661 835 2744; x_wconf 86' lang='lat' dir='ltr'><strong>tempore</strong></span> <span class='ocrx_word' id='word_1_131' title='bbox 850 2671 929 2718; x_wconf 91' lang='lat' dir='ltr'><strong>nou</strong></span> <span class='ocrx_word' id='word_1_132' title='bbox 946 2648 1135 2720; x_wconf 79' lang='lat' dir='ltr'><strong>exiturum</strong></span> <span class='ocrx_word' id='word_1_133' title='bbox 1149 2701 1161 2736; x_wconf 93' lang='lat'><strong>,</strong></span> <span class='ocrx_word' id='word_1_134' title='bbox 1174 2649 1311 2745; x_wconf 86' lang='lat' dir='ltr'><strong>ejecit,</strong></span> 
     </span>
     <span class='ocr_line' id='line_1_22' title="bbox 298 2763 1311 2854; baseline 0 -14"><span class='ocrx_word' id='word_1_135' title='bbox 298 2767 348 2840; x_wconf 74' lang='lat' dir='ltr'><strong>ad</strong></span> <span class='ocrx_word' id='word_1_136' title='bbox 370 2765 547 2838; x_wconf 82' lang='lat' dir='ltr'><strong>abortum</strong></span> <span class='ocrx_word' id='word_1_137' title='bbox 564 2765 868 2838; x_wconf 79' lang='lat' dir='ltr'><strong>observationem</strong></span> <span class='ocrx_word' id='word_1_138' title='bbox 888 2764 993 2837; x_wconf 75' lang='lat' dir='ltr'><strong>hanc</strong></span> <span class='ocrx_word' id='word_1_139' title='bbox 1008 2763 1176 2854; x_wconf 64' lang='lat' dir='ltr'><strong>referas,</strong></span> <span class='ocrx_word' id='word_1_140' title='bbox 1193 2768 1311 2840; x_wconf 81' lang='lat' dir='ltr'><strong>mani-</strong></span> 
     </span>
     <span class='ocr_line' id='line_1_23' title="bbox 297 2879 1308 2982; baseline 0.001 -25"><span class='ocrx_word' id='word_1_141' title='bbox 297 2883 435 2958; x_wconf 77' lang='lat' dir='ltr'><strong>festum</strong></span> <span class='ocrx_word' id='word_1_142' title='bbox 449 2897 531 2972; x_wconf 87' lang='lat' dir='ltr'><strong>est,</strong></span> <span class='ocrx_word' id='word_1_143' title='bbox 548 2879 694 2954; x_wconf 83' lang='lat' dir='ltr'><strong>affixam</strong></span> <span class='ocrx_word' id='word_1_144' title='bbox 717 2897 827 2954; x_wconf 88' lang='lat' dir='ltr'><strong>utero</strong></span> <span class='ocrx_word' id='word_1_145' title='bbox 855 2881 1035 2980; x_wconf 83' lang='lat' dir='ltr'><strong>placentae</strong></span> <span class='ocrx_word' id='word_1_146' title='bbox 1055 2897 1206 2982; x_wconf 46' lang='lat' dir='ltr'><strong>partem.</strong></span> <span class='ocrx_word' id='word_1_147' title='bbox 1221 2909 1308 2958; x_wconf 89' lang='lat' dir='ltr'><strong>rnu-</strong></span> 
     </span>
     <span class='ocr_line' id='line_1_24' title="bbox 296 3001 1308 3100; baseline 0.003 -26"><span class='ocrx_word' id='word_1_148' title='bbox 296 3003 381 3076; x_wconf 81' lang='lat' dir='ltr'><strong>lieri</strong></span> <span class='ocrx_word' id='word_1_149' title='bbox 396 3015 558 3073; x_wconf 84' lang='lat' dir='ltr'><strong>mortem</strong></span> <span class='ocrx_word' id='word_1_150' title='bbox 574 3001 751 3074; x_wconf 83' lang='lat' dir='ltr'><strong>attulisse.</strong></span> <span class='ocrx_word' id='word_1_151' title='bbox 761 3005 854 3074; x_wconf 80' lang='lat' dir='ltr'><strong>Earn</strong></span> <span class='ocrx_word' id='word_1_152' title='bbox 866 3015 992 3073; x_wconf 84' lang='lat' dir='ltr'><strong>autern</strong></span> <span class='ocrx_word' id='word_1_153' title='bbox 1004 3017 1173 3100; x_wconf 80' lang='lat' dir='ltr'><strong>partem,</strong></span> <span class='ocrx_word' id='word_1_154' title='bbox 1182 3003 1308 3078; x_wconf 84' lang='lat' dir='ltr'><strong>soluta</strong></span> 
     </span>
    </p>
   </div>
   <div class='ocr_carea' id='block_1_6' title="bbox 177 3116 1308 3221">
    <p class='ocr_par' dir='ltr' id='par_1_6' title="bbox 177 3116 1308 3221">
     <span class='ocr_line' id='line_1_25' title="bbox 177 3116 1308 3221; baseline 0.002 -30"><span class='ocrx_word' id='word_1_155' title='bbox 177 3215 178 3221; x_wconf 7' lang='grc' dir='ltr'>ἵ</span> <span class='ocrx_word' id='word_1_156' title='bbox 296 3121 466 3218; x_wconf 85' lang='lat' dir='ltr'><strong>reliqua,</strong></span> <span class='ocrx_word' id='word_1_157' title='bbox 485 3116 633 3192; x_wconf 81' lang='lat' dir='ltr'><strong>affixam</strong></span> <span class='ocrx_word' id='word_1_158' title='bbox 649 3118 828 3192; x_wconf 83' lang='lat' dir='ltr'><strong>mansisse</strong></span> <span class='ocrx_word' id='word_1_159' title='bbox 844 3141 998 3192; x_wconf 85' lang='lat' dir='ltr'><strong>necesse</strong></span> <span class='ocrx_word' id='word_1_160' title='bbox 1013 3132 1069 3192; x_wconf 86' lang='lat' dir='ltr'><strong>est</strong></span> <span class='ocrx_word' id='word_1_161' title='bbox 1085 3119 1209 3192; x_wconf 84' lang='lat' dir='ltr'><strong>relob</strong></span> <span class='ocrx_word' id='word_1_162' title='bbox 1225 3121 1308 3220; x_wconf 79' lang='lat' dir='ltr'><strong>pla-</strong></span> 
     </span>
    </p>
   </div>
   <div class='ocr_carea' id='block_1_7' title="bbox 295 3231 1308 3452">
    <p class='ocr_par' dir='ltr' id='par_1_7' title="bbox 295 3231 1308 3452">
     <span class='ocr_line' id='line_1_26' title="bbox 296 3231 1308 3326; baseline 0.002 -17"><span class='ocrx_word' id='word_1_163' title='bbox 296 3253 416 3310; x_wconf 78' lang='lat' dir='ltr'><strong>centae</strong></span> <span class='ocrx_word' id='word_1_164' title='bbox 439 3231 593 3324; x_wconf 84' lang='lat' dir='ltr'><strong>vitium,</strong></span> <span class='ocrx_word' id='word_1_165' title='bbox 612 3235 798 3308; x_wconf 82' lang='lat' dir='ltr'><strong>radiculas</strong></span> <span class='ocrx_word' id='word_1_166' title='bbox 823 3235 877 3306; x_wconf 90' lang='lat' dir='ltr'><strong>ibi</strong></span> <span class='ocrx_word' id='word_1_167' title='bbox 903 3251 967 3308; x_wconf 88' lang='lat' dir='ltr'><strong>aut</strong></span> <span class='ocrx_word' id='word_1_168' title='bbox 987 3237 1212 3326; x_wconf 81' lang='lat' dir='ltr'><strong>crassiores,</strong></span> <span class='ocrx_word' id='word_1_169' title='bbox 1241 3255 1308 3312; x_wconf 80' lang='lat' dir='ltr'><strong>aut</strong></span> 
     </span>
     <span class='ocr_line' id='line_1_27' title="bbox 295 3351 1305 3452; baseline 0 -24"><span class='ocrx_word' id='word_1_170' title='bbox 295 3355 506 3452; x_wconf 80' lang='lat' dir='ltr'><strong>longiores,</strong></span> <span class='ocrx_word' id='word_1_171' title='bbox 535 3369 600 3427; x_wconf 89' lang='lat' dir='ltr'><strong>aut</strong></span> <span class='ocrx_word' id='word_1_172' title='bbox 623 3353 834 3426; x_wconf 81' lang='lat' dir='ltr'><strong>crebriores</strong></span> <span class='ocrx_word' id='word_1_173' title='bbox 862 3367 972 3425; x_wconf 91' lang='lat' dir='ltr'><strong>utero</strong></span> <span class='ocrx_word' id='word_1_174' title='bbox 989 3351 1201 3451; x_wconf 82' lang='lat' dir='ltr'><strong>infigentis,</strong></span> <span class='ocrx_word' id='word_1_175' title='bbox 1224 3357 1305 3443; x_wconf 89' lang='lat' dir='ltr'><strong>vel,</strong></span> 
     </span>
    </p>
   </div>
   <div class='ocr_carea' id='block_1_8' title="bbox 218 3466 1307 3570">
    <p class='ocr_par' dir='ltr' id='par_1_8' title="bbox 218 3466 1307 3570">
     <span class='ocr_line' id='line_1_28' title="bbox 218 3466 1307 3570; baseline 0.003 -27"><span class='ocrx_word' id='word_1_176' title='bbox 218 3466 221 3486; x_wconf 51' lang='lat'><strong>&#39;&#39;</strong></span> <span class='ocrx_word' id='word_1_177' title='bbox 294 3472 401 3570; x_wconf 82' lang='lat' dir='ltr'><strong>quod</strong></span> <span class='ocrx_word' id='word_1_178' title='bbox 420 3472 554 3544; x_wconf 89' lang='lat' dir='ltr'><strong>eodem</strong></span> <span class='ocrx_word' id='word_1_179' title='bbox 572 3472 689 3561; x_wconf 87' lang='lat' dir='ltr'><strong>redit,</strong></span> <span class='ocrx_word' id='word_1_180' title='bbox 708 3471 762 3544; x_wconf 91' lang='lat' dir='ltr'><strong>ob</strong></span> <span class='ocrx_word' id='word_1_181' title='bbox 773 3470 889 3568; x_wconf 87' lang='lat' dir='ltr'><strong>hujus</strong></span> <span class='ocrx_word' id='word_1_182' title='bbox 903 3473 1058 3561; x_wconf 81' lang='lat' dir='ltr'><strong>vitium,</strong></span> <span class='ocrx_word' id='word_1_183' title='bbox 1077 3471 1307 3546; x_wconf 80' lang='lat' dir='ltr'><strong>arctioribus</strong></span> 
     </span>
    </p>
   </div>
   <div class='ocr_carea' id='block_1_9' title="bbox 291 3587 1306 3690">
    <p class='ocr_par' dir='ltr' id='par_1_9' title="bbox 291 3587 1306 3690">
     <span class='ocr_line' id='line_1_29' title="bbox 291 3587 1306 3690; baseline 0.002 -28"><span class='ocrx_word' id='word_1_184' title='bbox 291 3589 364 3681; x_wconf 84' lang='lat' dir='ltr'><strong>ibi,</strong></span> <span class='ocrx_word' id='word_1_185' title='bbox 381 3605 446 3664; x_wconf 86' lang='lat' dir='ltr'><strong>aut</strong></span> <span class='ocrx_word' id='word_1_186' title='bbox 464 3589 798 3690; x_wconf 78' lang='lat' dir='ltr'><strong>profundioribus,</strong></span> <span class='ocrx_word' id='word_1_187' title='bbox 815 3587 1187 3663; x_wconf 84' lang='lat' dir='ltr'><strong>autconfertioribus</strong></span> <span class='ocrx_word' id='word_1_188' title='bbox 1200 3592 1306 3688; x_wconf 88' lang='lat' dir='ltr'><strong>poris</strong></span> 
     </span>
    </p>
   </div>
   <div class='ocr_carea' id='block_1_10' title="bbox 186 3707 1303 3806">
    <p class='ocr_par' dir='ltr' id='par_1_10' title="bbox 186 3707 1303 3806">
     <span class='ocr_line' id='line_1_30' title="bbox 186 3707 1303 3806; baseline -0.002 -24"><span class='ocrx_word' id='word_1_189' title='bbox 186 3719 188 3724; x_wconf 84' lang='lat'>&#39;</span> <span class='ocrx_word' id='word_1_190' title='bbox 292 3733 355 3782; x_wconf 90' lang='lat' dir='ltr'><strong>eas</strong></span> <span class='ocrx_word' id='word_1_191' title='bbox 371 3708 558 3780; x_wconf 88' lang='lat' dir='ltr'><strong>radiculas</strong></span> <span class='ocrx_word' id='word_1_192' title='bbox 573 3708 811 3806; x_wconf 88' lang='lat' dir='ltr'><strong>excipientis,</strong></span> <span class='ocrx_word' id='word_1_193' title='bbox 827 3709 888 3779; x_wconf 85' lang='lat' dir='ltr'><strong>vel</strong></span> <span class='ocrx_word' id='word_1_194' title='bbox 899 3707 949 3779; x_wconf 90' lang='lat' dir='ltr'><strong>ob</strong></span> <span class='ocrx_word' id='word_1_195' title='bbox 966 3708 1101 3779; x_wconf 85' lang='lat' dir='ltr'><strong>vitium</strong></span> <span class='ocrx_word' id='word_1_196' title='bbox 1115 3708 1218 3780; x_wconf 83' lang='lat' dir='ltr'><strong>aliud</strong></span> <span class='ocrx_word' id='word_1_197' title='bbox 1233 3709 1303 3780; x_wconf 89' lang='lat' dir='ltr'><strong>ali-</strong></span> 
     </span>
    </p>
   </div>
   <div class='ocr_carea' id='block_1_11' title="bbox 268 3825 1302 4076">
    <p class='ocr_par' dir='ltr' id='par_1_11' title="bbox 289 3825 1302 4041">
     <span class='ocr_line' id='line_1_31' title="bbox 292 3825 1302 3926; baseline 0.001 -29"><span class='ocrx_word' id='word_1_198' title='bbox 292 3825 419 3923; x_wconf 89' lang='lat' dir='ltr'><strong>quod,</strong></span> <span class='ocrx_word' id='word_1_199' title='bbox 428 3840 492 3898; x_wconf 84' lang='lat' dir='ltr'><strong>aut</strong></span> <span class='ocrx_word' id='word_1_200' title='bbox 503 3826 705 3924; x_wconf 69' lang='lat' dir='ltr'><strong>placentie</strong></span> <span class='ocrx_word' id='word_1_201' title='bbox 715 3836 873 3899; x_wconf 88' lang='lat' dir='ltr'><strong>uterove</strong></span> <span class='ocrx_word' id='word_1_202' title='bbox 886 3825 1097 3926; x_wconf 76' lang='lat' dir='ltr'><strong>peculiare</strong></span> <span class='ocrx_word' id='word_1_203' title='bbox 1114 3840 1179 3897; x_wconf 89' lang='lat' dir='ltr'><strong>aut</strong></span> <span class='ocrx_word' id='word_1_204' title='bbox 1189 3841 1302 3898; x_wconf 78' lang='lat' dir='ltr'><strong>etiarn</strong></span> 
     </span>
     <span class='ocr_line' id='line_1_32' title="bbox 268 3941 1302 4076; baseline 0.002 -62.041"><span class='ocrx_word' id='word_1_205' title='bbox 268 3943 443 4041; x_wconf 88' lang='lat' dir='ltr'><strong>utrique</strong></span> <span class='ocrx_word' id='word_1_206' title='bbox 463 3951 677 4076; x_wconf 72' lang='lat' dir='ltr'><strong>commune.</strong></span> <span class='ocrx_word' id='word_1_207' title='bbox 706 3941 777 4016; x_wconf 86' lang='lat' dir='ltr'><strong>Sed</strong></span> <span class='ocrx_word' id='word_1_208' title='bbox 798 3941 1073 4040; x_wconf 91' lang='lat' dir='ltr'><strong>quodcumque</strong></span> <span class='ocrx_word' id='word_1_209' title='bbox 1102 3943 1141 4016; x_wconf 91' lang='lat' dir='ltr'><strong>id</strong></span> <span class='ocrx_word' id='word_1_210' title='bbox 1168 3945 1302 4020; x_wconf 78' lang='lat' dir='ltr'><strong>vitium</strong></span> 
     </span>
    </p>
   </div>
   <div class='ocr_carea' id='block_1_12' title="bbox 0 0 1440 4660">
    <p class='ocr_par' dir='ltr' id='par_1_12' title="bbox 0 0 1440 4660">
     <span class='ocr_line' id='line_1_33' title="bbox 0 0 1440 4660; baseline 0 1"><span class='ocrx_word' id='word_1_211' title='bbox 0 0 1440 4660; x_wconf 95' lang='lat' dir='ltr'><strong> </strong></span> 
     </span>
    </p>
   </div>
  </div>
 </body>
</html>
