2816 5282
254 3752 262 3792 i

343 390 411 490 592
505 413 554 464 nr
579 413 725 462 sumnus
749 413 794 462 nr
812 413 943 482 ¹causrs
968 414 1171 466 nonromnr

340 526 889 628 sinequibusdamconvulsivis
905 527 1088 621 motibus,
1101 533 1298 606 nullatamen

340 649 456 719 animi
469 644 701 734 defectione,
717 645 811 718 obiit
832 648 931 720 intra
944 647 1044 720 diem
1057 653 1200 722 tertium
1208 655 1240 722 in
1248 652 1299 722 hoc

339 766 590 852 nosocomio,
623 777 708 836 ante
744 779 954 836 extremum
981 767 1217 840 novembrem
1236 771 1300 838 anni

342 889 444 983 1742.
465 881 692 969 Abdomine‚
715 881 819 980 quod
851 883 1040 956 tumidum
1067 911 1145 956 non
1163 902 1245 974 erat,
1264 884 1300 955 di·

337 1001 475 1090 duct0‚
490 1000 709 1097 sanguinem
725 995 887 1072 effusum
901 1011 1141 1091 concretum,
1158 1003 1253 1074 ileum
1262 1028 1301 1072 au·

337 1134 413 1192 tem
430 1120 648 1191 intestinum
669 1143 744 1217 qua
761 1118 912 1190 vulneri
931 1120 1198 1219 respondebat,
1213 1137 1299 1192 trans·

335 1237 574 1310 verberatum
594 1233 833 1308 offendimus.

386 1356 443 1428 32.
464 1357 543 1426 Etsi
558 1353 751 1450 injudicio
770 1352 817 1426 de
836 1353 1063 1444 vulnerum,
1079 1357 1247 1428 intestinis
1261 1354 1300 1424 rel

336 1472 513 1546 tenuibus
529 1471 761 1542 inflictorum
774 1525 784 1559 ,
797 1471 1001 1544 lethalitate
1018 1489 1149 1546 cautus
1163 1471 1300 1572 prudens

336 1615 410 1688 que
421 1590 587 1662 medicus
597 1589 787 1687 negligere
804 1589 865 1662 itta
882 1614 962 1660 non
973 1588 1109 1664 debeat
1120 1617 1195 1687 quar
1207 1590 1299 1674 docte,

335 1723 371 1780 et
390 1708 577 1805 sapienter
590 1730 702 1804 super
718 1722 941 1803 argumento
960 1705 1034 1789 hoc
1056 1708 1199 1805 scripsit
1213 1704 1297 1778 Abra·

334 1826 468 1898 hamus
486 1829 645 1898 Vaterus
662 1823 736 1920 (r);
754 1838 879 1894 tamen
896 1825 1009 1896 nimis
1022 1849 1156 1898 verum
1169 1849 1238 1896 esse
1246 1823 1299 1922 ple·

334 1967 495 2040 rumque
513 1942 728 2040 experimur
748 1941 853 2038 quod
881 1957 968 2039 post
995 1940 1295 2040 Hippocratemb)

333 2059 487 2132 tradidit
507 2063 634 2130 Celsus
655 2058 728 2154 (3),
746 2064 889 2130 servari
904 2081 981 2130 non
990 2085 1109 2158 posse
1133 2065 1191 2132 cui
1202 2059 1298 2154 autje·

298 2207 302 2216 ·
331 2181 480 2266 irinum,
507 2191 577 2247 aut
602 2181 745 2246 tenuius
774 2180 986 2246 intestinum
1013 2177 1240 2248 vulneratum
1260 2177 1297 2243 sit.

240 2303 249 2312 '
333 2300 413 2367 Huc
437 2285 626 2366 Fabricius
648 2307 779 2363 noster
798 2292 845 2365 ab
864 2293 1160 2390 Aqnapendente
1180 2292 1228 2389 (Δ)
1245 2291 1297 2360 hac

333 2403 1299 2510 addidit:sicvulneratosobservavilrnberepultusai

333 2529 485 2602 modum
503 2528 639 2617 exiles,
670 2517 1059 2627 et'frequentissimps,
1078 2535 1234 2626 morique
1249 2545 1297 2594 nno

332 2663 401 2717 ant
412 2647 531 2717 altero
545 2647 625 2735 die3
638 2644 738 2718 unde
751 2652 784 2716 si
797 2644 889 2716 tales
905 2644 1077 2716 videritis
1084 2646 1295 2744 pnlsns‚sen·

327 2789 400 2862 per
423 2763 595 2834 dubitate
621 2763 668 2835 de
702 2763 873 2834 tenuibus
909 2767 1091 2833 intestinis
1121 2762 1295 2834 vulneratis.

330 2883 521 2973 Quantum
538 2881 632 2952 mihi
657 2881 697 2950 in
722 2879 827 2977 quod
850 2878 1053 2950 observare
1080 2879 1243 2977 contigit,
1259 2872 1297 2942 cui

330 2997 1295 3094 vulnusinumbilicaliregioneimpositumsuaipsun
1354 3055 1355 3092 ἶ

332 3115 418 3189 sede
442 3117 614 3212 jejunum
631 3115 849 3186 intestinum
869 3114 1078 3185 sauciatum
1105 3138 1179 3186 esse
1194 3108 1293 3182 indica·
1354 3097 1355 3144 ³

329 3232 418 3322 bat;
436 3257 565 3304 verum
581 3232 628 3304 de
641 3230 829 3328 pulsibus,
850 3245 886 3301 et
896 3254 1027 3302 verum
1040 3233 1132 3303 item
1143 3231 1186 3301 de
1198 3223 1294 3298 mortis

332 3352 392 3423 die
416 3349 608 3447 Fabricius
633 3351 813 3447 scripsit:
842 3371 1061 3445 quanquam
1093 3373 1176 3420 curn
1202 3359 1293 3416 secare

331 3531 1289 3565 Μ

384 3687 396 3722 1
433 3667 517 3741 Disp.
533 3665 620 3722 inscr.
631 3665 791 3722 vulnerum
805 3663 837 3720 in
849 3663 948 3722 intest.
964 3651 1121 3724 lethilttar.

434 3768 466 3823 S.
488 3766 523 3838 6,
538 3762 608 3841 aph.
626 3765 672 3822 18.
892 3776 896 3781 ’

402 3765 414 3944 i
434 3869 478 3924 De
490 3866 597 3924 medic.
613 3867 634 3921 l.
649 3864 683 3936 5,
700 3884 726 3922 c.
741 3862 795 3936 26,
811 3881 834 3920 s.
847 3881 878 3920 2.

402 3963 413 4043 )
433 3966 622 4023 Pentateuch.
639 3967 660 4021 l.
676 3983 710 4036 a,
727 3985 752 4021 c.
768 3963 803 4032 34
817 3961 912 4020 infin.

368 3667 380 3743 (

370 3767 381 3848 (

369 3867 382 3944 (

300 4053 304 4062 ,
369 3967 382 4045 t

383 3788 399 3824 a

384 3869 400 3924 3

383 3975 399 4034 lt

1153 4006 1162 4058 i
