2784 5088
214 436 281 484 nm.
298 437 347 485 iv.
366 437 411 484 nn
428 435 564 483 nonus
577 435 775 498 cainone,
793 425 861 482 etc.
882 435 994 482 rrisr.
1008 435 1070 482 nn.
1098 415 1167 510 4⁴29

171 552 323 621 summis
337 551 428 620 viris
441 549 554 646 digna
567 563 637 636 est,
653 547 703 618 ob
718 573 796 618 rem
811 547 1012 644 quamdam
1024 573 1108 620 sero
1123 551 1169 620 ab

172 692 206 739 se
217 669 255 738 in
270 665 936 739 terebrandocranioanimadversam
946 665 1082 738 diserte
1093 667 1169 738 haec

171 785 313 881 scripsit
338 784 421 881 (1):
445 783 750 855 animadvertatis
775 807 931 878 quoeso:
953 807 1020 878 ego
1035 786 1105 874 fia'
1129 789 1167 854 in

173 926 281 971 causa
299 907 430 972 mortis
446 915 591 972 centum
601 901 815 991 hominum,
831 906 1009 996 ignorans
1019 925 1170 972 causam

173 1019 273 1090 hanc.
295 1023 387 1110 Quae
402 1018 519 1089 modo
536 1017 634 1089 dicta
660 1033 783 1126 sunt&
803 1043 890 1088 cum
905 1033 1027 1089 essent
1050 1033 1106 1090 tot
1127 1019 1172 1088 li-

172 1135 244 1207 bris
267 1152 325 1208 tot
354 1137 581 1232 scriptorum
603 1160 727 1233 neque
752 1137 865 1206 unius
884 1135 1082 1232 temporis,
1106 1161 1172 1206 ne·

174 1277 242 1348 que
254 1256 370 1324 unius
386 1254 568 1350 regionis,
586 1251 783 1339 mandata,
815 1253 930 1322 latere
947 1254 1074 1322 omnia
1091 1278 1170 1323 non

173 1385 397 1464 potuerunt,
416 1395 487 1441 nec
499 1385 667 1468 possunt.
688 1375 818 1467 ltaque
828 1347 958 1440 mirari
968 1394 1046 1440 non
1060 1393 1171 1467 opor·

174 1501 241 1574 tet,
265 1487 372 1584 quod
406 1486 604 1558 inutilibus
628 1489 854 1585 praesertim,
879 1502 941 1558 aut
967 1489 1088 1558 noxiis
1109 1513 1170 1558 ex·

175 1604 390 1699 perimentis
427 1603 587 1676 subinde
612 1604 765 1700 adjectis
800 1629 960 1675 renuere
989 1606 1173 1701 coeperint

174 1719 241 1792 hoc
266 1722 446 1793 auxilium
472 1736 678 1807 nostrateS,
706 1745 831 1817 neque
865 1723 905 1790 in
928 1745 1004 1791 una
1033 1723 1171 1806 m0d0‚

177 1853 233 1908 aut
256 1838 372 1910 altera
401 1839 563 1926 civitate,
593 1837 659 1910 sed
686 1838 726 1913 in
753 1838 863 1908 ltaliae
894 1839 1108 1936 plerisque,
1134 1856 1171 1912 et

176 1971 302 2051 praeter
328 1969 513 2028 nostrates
541 1955 603 2026 alii
629 1979 798 2052 quoque,
826 1955 925 2027 inter
949 1981 1047 2052 quos
1078 1973 1170 2028 tunc

177 2075 278 2144 etiam
296 2099 383 2146 cum
399 2073 499 2172 apud
515 2096 585 2146 nos
601 2072 694 2143 illud
718 2073 878 2170 vigeret,
898 2070 1009 2145 luisse
1029 2075 1171 2147 indicat

178 2190 367 2290 Weplerus
383 2191 462 2289 (a),
483 2191 684 2289 populares
704 2215 814 2277 suos,
833 2190 892 2260 his
905 2189 1044 2263 verbis:
1066 2195 1169 2279 Itali,

178 2309 308 2406 aliique
324 2311 493 2382 locorum
512 2309 735 2380 calidiorem
751 2307 896 2398 incola,
909 2315 1083 2406 protinus
1103 2327 1172 2382 tre⁸

172 2451 308 2521 panum
337 2426 595 2526 arrrpt'endum
622 2432 856 2496 statuissent:
876 2426 1045 2523 idemque
1075 2432 1170 2500 Eae.

177 2545 218 2610 D.
234 2549 277 2614 D.
302 2551 563 2640 Burgouverus
581 2547 758 2636 facturus
782 2559 878 2631 erat,
902 2549 976 2613 nisi
992 2569 1111 2641 ager,
1134 2563 1172 2620 et

179 2657 362 2734 adstantes
382 2664 431 2733 ab
455 2663 601 2733 auxilio
621 2662 679 2732 tis
698 2667 736 2731 in
756 2661 846 2732 locis
867 2661 1015 2732 insolito
1032 2717 1041 2750 ‚
1059 2679 1096 2733 et
1108 2666 1174 2736 vel

178 2777 253 2848 solo
283 2785 433 2850 nomme
465 2778 653 2876 plerisque
683 2779 843 2874 terrifico
872 2780 1174 2873 obdormissent,

180 2898 359 2994 ipsiusque
369 2897 564 2967 conatibus
582 2897 814 2966 obstitissent.
834 2895 931 2966 Num
953 2913 1081 2994 postea
1094 2902 1174 2970 ani-

180 3035 256 3084 mos
269 3014 456 3086 addidisse
481 3012 749 3100 renuentibus,
762 3013 883 3084 credis
910 3037 1058 3109 gravem
1072 3017 1173 3112 apud

180 3129 381 3226 Lipsienses
400 3128 653 3230 professorem
676 3135 860 3248 Joannem
884 3129 1073 3200 Bohnium
1100 3131 1175 3202 dis·

181 3250 375 3320 sertatione
395 3247 493 3320 edita
509 3247 556 3317 de
573 3245 930 3346 trepanatiom's'dif
952 3247 1175 3347 saltatibus?

183 3386 277 3453 quas·
294 3381 495 3462 antequam
525 3365 740 3462 singillatim
762 3378 945 3460 exponat,
975 3365 1076 3436 haud
1106 3367 1174 3437 dn-

182 3475 270 3550 bitat
296 3481 504 3569 affirmare,
521 3480 690 3552 multum
710 3505 801 3552 sane
826 3481 995 3552 eamdem
1009 3484 1180 3579 'pericul'

183 3595 374 3688 involvere,
388 3614 458 3670 aut
473 3621 573 3694 saepe
579 3600 842 3686 frustraneum
852 3623 917 3670 seu
933 3604 1177 3695 incongruam
1240 3641 1241 3648 κ

220 3877 262 3956 (ι)
284 3883 447 3938 Commeat.
462 3901 553 3957 supra
566 3882 605 3938 ad
619 3901 648 3936 n.
664 3900 714 3952 12,
730 3881 781 3937 cit.
796 3899 827 3935 n.
844 3900 889 3952 17.

220 3975 264 4054 (a)
281 3981 439 4038 Historiam
453 3983 555 4056 apopl.
572 3993 685 4038 auctor.
701 3979 732 4038 in
750 3977 850 4036 Schol.
862 3979 900 4040 ad
913 3975 981 4035 hist.
992 3979 1027 4037 6.

493 4507 504 4532 δ
