2812 4656
168 427 239 476 m.
250 428 299 474 iv.
314 427 361 474 un
375 409 512 476 nonnis
522 425 722 491 oninunc„
736 416 804 474 etc.
816 426 1032 477 ratsrunrx.
1062 405 1135 480 213

115 527 1135 638 correptisumus';iudequeego‚lluainvisfractalebris

98 679 102 686 ·
116 661 175 746 vi,
188 682 258 756 per
274 681 396 730 annos
412 655 556 754 aliquot
571 657 623 728 ita
641 655 739 728 male
752 655 875 728 valere
891 657 989 754 coepi
1003 711 1014 743 ,
1031 673 1075 730 ut
1091 663 1133 732 i'n

118 775 409 872 'nuncupatione
440 760 753 854 Adversariorum
782 775 833 844 IV
858 772 1033 846 indicavi.
1055 779 1134 848 Nec

114 892 283 978 mirum,
310 891 380 963 etsi
401 891 503 962 enim
520 914 563 963 ea
579 887 719 962 femina
736 904 811 987 'pro
826 889 1061 990 apoplectica
1090 891 1131 963 iii

117 1003 387 1080 ‘nosocomium
405 1007 506 1080 illata
523 1004 664 1095 fuerat,
681 1021 721 1080 'et
734 1031 865 1106 reapse
889 1024 984 1098 erat,
996 1009 1060 1080 illa
1078 1024 1133 1082 ta·
1175 1002 1180 1012 ’

117 1149 211 1197 men
235 1126 434 1225 apoplexia
463 1126 656 1224 malignae,
683 1140 726 1198 ut
751 1140 882 1224 postea
899 1121 1131 1225 inquirendo

118 1257 360 1342 compertum
368 1259 448 1334 est,
465 1241 582 1335 febri,
602 1268 687 1316 cum
698 1241 803 1316 domi
819 1259 1036 1341 aegrotaret,
1052 1270 1148 1317 non·

113 1362 167 1432 ita
179 1359 328 1459 pridem
347 1375 563 1436 accesserat.
580 1361 695 1434 Vides
707 1361 914 1460 igitur,‘ne
936 1359 1032 1434 illud
1045 1365 1130 1462 qui·

115 1478 212 1552 dem'
227 1479 313 1551 satis
340 1503 419 1552 esse
450 1477 497 1551 ad
517 1465 732 1578 periculum
761 1475 1040 1578 effugiendum,
1069 1507 1131 1553 ca-

116 1594 234 1669 daver
248 1621 328 1668 non
346 1611 433 1668 ante
448 1596 634 1684 incidere,
653 1621 768 1696 quam
782 1593 960 1694 frigidum
987 1595 1129 1671 factum
1200 1584 1203 1594 λ

106 1714 166 1786 ·'sit
184 1741 193 1783 :
214 1725 328 1812 quam
353 1716 567 1788 cautionem
592 1717 659 1814 qui
679 1713 902 1806 laudarunt,
919 1715 1014 1789 illud
1037 1742 1128 1815 prae-

113 1845 220 1906 terea
232 1823 537 1906 animadvertisse
558 1858 636 1904 non
657 1833 853 1923 videntur,
868 1831 1008 1933 ¹frigere
1027 1853 1129 1910 exte·

113 1949 204 2022 'rius'
231 1973 360 2049 posse,
378 1949 548 2022 ‘interius
585 1965 711 2021 autem
744 1949 909 2023 calorem
941 1953 1127 2044 retinere,

114 2067 285 2164 quodex
306 2065 481 2166 epistolis·
495 2067 543 2147 ad
573 2082 610 2139 te
634 2069 773 2140 nostris
793 2067 1021 2141 intellexeris
1045 2095 1126 2143 non

112 2209 204 2256 raro
232 2183 398 2268 fieri‚'et
420 2181 633 2282 'aliquando
657 2185 717 2258 vel
745 2186 937 2286 trigesima
963 2203 1127 2262 amorte
1159 2207 1162 2216 ’

111 2299 210 2374 ho'ra
235 2301 290 2401 (t)
316 2303 363 2372 in*
384 2299 795 2376 ventris‘interiorib'us
827 2303 992 2377 calorem
1016 2329 1126 2404 supe·

109 2429 227 2494 resse.
248 2425 349 2494 Num
367 2421 483 2518 igitur
507 2421 786 2519 expectandum
804 2422 945 2494 diutius
971 2424 1054 2496 est?
1077 2429 1124 2496 At

112 2553 338 2639 putrescens
378 2537 536 2610 cadaver
569 2539 835 2636 multomagis
868 2546 1126 2639 contagiosum

106 2655 272 2730 'evadere
293 2657 418 2745 aiunt,
448 2679 568 2754 'quam
588 2681 724 2755 corpus
742 2657 956 2728 morbosum
983 2657 1121 2732 vt'vens.

113 2777 193 2848 Nec
210 2790 253 2854 tu
279 2773 373 2846 mibi
390 2773 568 2871 objicias,
590 2771 724 2864 fuisse,
753 2789 790 2846 e‘t
804 2770 883 2848 esse
902 2775 987 2873 qui,
1019 2775 1123 2852 hisce

114 2890 296 2966 omnibus
312 2916 383 2992 pro
407 2893 529 2964 nihilo
545 2892 701 2982 habitis,
719 2894 876 2991 impune
897 2893 935 2964 id
952 2892 1120 2967 fecerint.

104 3007 209 3085 'Nam
224 3033 350 3109 neque
364 3009 497 3082 eadem
515 3005 670 3101 natura,
686 3025 723 3082 et
739 3011 795 3082 vis
809 3025 864 3082 est
875 3009 1124 3108 malignarum

114 3129 288 3200 omnium
317 3125 505 3218 febrium,
540 3154 666 3226 neque
703 3127 833 3201 eadem
863 3142 1126 3226 prosectorum

108 3247 289 3319 'omnium
316 3246 535 3345 dispositio:
558 3271 719 3343 quarum
746 3261 919 3318 neutram
943 3269 1126 3346 cumpro

112 3377 223 3438 'certo
244 3365 339 3438 scire
351 3365 554 3463 quisquam
572 3365 710 3465 possit3
733 3363 819 3463 quis
836 3365 954 3436 tutius
975 3387 1054 3437 esse
1079 3367 1127 3436 ti-

111 3482 343 3554 'midiorum
376 3483 575 3556 consilium
635 3497 770 3582 neget,
808 3505 923 3584 quam·
953 3481 1128 3555 audacio·

111 3601 232 3674 rum?

153 3969 200 4054 (ι)
219 3955 323 4048 Epist(
336 3971 371 4046 3,
384 3989 452 4029 m
