2784 5088
283 425 351 472 aru
369 421 418 469 1v.
438 419 488 467 ns
500 415 637 466 nonnis
649 411 846 481 cursura,
862 407 930 466 etc.
949 409 1059 468 nrtsr.
1074 409 1137 468 mr.
1165 404 1226 500 Δίῃ,

230 563 320 610 rare
338 557 504 634 possum.
523 537 677 604 Retecto
695 532 816 620 enim,
833 533 872 602 in
894 547 1077 630 utroque,
1094 537 1226 609 eerebr

230 656 353 728 altero
373 651 658 750 hemisphaerio,
676 667 715 722 ct
728 653 854 724 tenuis
877 655 1064 751 meniugis
1083 655 1227 728 utititas

231 771 494 848 animadversa
527 771 566 840 in
595 769 753 842 cerebro
784 771 1021 859 coercendo,
1051 797 1139 843 nam
1166 799 1228 871 qut

232 889 332 964 forte
354 891 483 986 aliqua
513 887 673 960 lacerata
702 903 781 959 erat
813 889 895 984 ejus
921 891 1108 988 meningis
1130 894 1228 989 parti

233 1009 339 1096 cula,
352 1007 437 1078 illac
453 1005 637 1105 particula
657 1005 803 1078 cerebri
819 1031 858 1077 se
880 1007 1123 1096 exundabat,
1151 1033 1229 1107 pro·

235 1127 462 1223 minansque
484 1122 694 1222 perstabat3
714 1123 905 1196 assulatim
929 1124 1021 1196 iliud
1038 1141 1159 1196 totum
1177 1127 1230 1200 he·

235 1243 496 1342 misphaeriurn
524 1240 662 1329 ademi,
681 1266 807 1338 neque
827 1257 1026 1339 propterea
1046 1245 1223 1316 movendi

188 1373 192 1380 '
235 1387 363 1462 neque
382 1359 568 1433 sentiendi
584 1358 740 1433 facultas
761 1360 800 1428 in
817 1359 1156 1456 respondentibus,
1182 1387 1231 1434 au

234 1484 278 1552 in
302 1477 486 1578 oppositis
512 1475 669 1571 artubus
699 1477 894 1560 imminui,
923 1477 1064 1550 nedum
1097 1483 1221 1578 perire

233 1601 315 1672 visa
330 1611 396 1670 est.
405 1599 483 1668 Nec
491 1595 816 1692 varoperiit,·cum
824 1619 913 1666 mox
926 1597 1080 1668 alterius
1101 1595 1233 1671 feliscc

235 1711 697 1788 rubellumvulnerassem.
713 1713 960 1785 Periitautem
970 1716 1094 1786 statim
1112 1716 1234 1788 acalte

236 1833 317 1906 rius
326 1829 571 1916 cerebellum,
583 1844 620 1899 et
630 1829 780 1900 initium
789 1827 885 1902 forte
901 1827 1055 1927 spinalis
1073 1831 1234 1903 medulla

238 1949 313 2022 alte
332 1946 467 2035 incidi,
489 1971 532 2017 ac
548 1945 769 2034 dilaceravi3
794 1947 906 2044 periit
916 1949 1070 2044 inquam
1084 1950 1124 2019 in
1147 1965 1235 2020 artu·

240 2067 330 2155 hus,
345 2081 382 2138 et
395 2076 478 2137 toto
493 2087 677 2162 corpore,
695 2079 881 2162 quantum
899 2065 993 2135 mihi
1011 2081 1098 2138 anta
1118 2067 1236 2137 oculo:

240 2199 335 2256 tuuc
354 2198 449 2264 erat:
470 2182 501 2254 si
521 2206 588 2254 cor
607 2197 750 2270 tamen,
770 2183 1032 2280 auriculasque
1052 2183 1131 2278 ejus
1150 2185 1252 2254 cxci·

241 2301 339 2400 pias3
360 2298 496 2370 harum
516 2300 636 2386 euim,
662 2298 840 2394 illiusque
860 2313 985 2371 motus
1007 2300 1129 2396 vegeti
1149 2322 1252 2396 pers·

240 2418 512 2515 titcrunt.1m0
525 2441 613 2488 cum
634 2416 826 2514 aliquanto
841 2431 926 2513 post
947 2430 1118 2513 tempore
1138 2441 1252 2513 caput

241 2559 265 2608 a
277 2549 415 2606 trunco
432 2534 694 2606 abscidissem:
717 2536 768 2605 sic
780 2533 1051 2620 nihilominus,
1071 2550 1112 2606 ut
1129 2536 1252 2606 sinor.

241 2651 742 2749 abscidissem‚perstabant.
764 2655 850 2722 Mox
861 2652 976 2749 igitur
987 2653 1186 2748 amputatis
1195 2677 1253 2724 va=

242 2770 296 2845 sis
315 2771 478 2868 magnis,
495 2793 583 2838 cum
595 2770 687 2866 ipsis
701 2793 767 2840 aor
784 2769 942 2856 abstuli,
960 2768 1065 2866 quod
1077 2785 1171 2841 tunc
1189 2771 1253 2842 de·=

244 2887 364 2984 nique
378 2888 452 2958 cito
464 2885 702 2982 conquievit,
715 2887 785 2956 etsi
797 2911 884 2958 mux
896 2887 997 2958 inter
1010 2886 1147 2982 digitos
1159 2911 1253 2957 com·

244 3027 439 3102 pressum,
468 3001 594 3072 valido
622 3001 823 3072 ¹etiamtum
848 3003 942 3074 nisu
972 3003 1102 3070 conari
1140 3005 1253 3074 sensi

246 3123 347 3192 Vera
362 3120 476 3218 igitur
488 3118 535 3190 ab
554 3119 598 3190 iis
618 3117 693 3189 dici
706 3119 803 3204 scio,
824 3119 893 3216 qui
907 3116 997 3188 feles
1015 3108 1253 3214 potissimum

247 3239 390 3312 diutius
403 3241 574 3312 resistere
586 3241 624 3309 in
635 3239 855 3310 anatomicis
868 3238 1133 3336 experimentis
1145 3240 1253 3338 scrip=

250 3372 391 3428 serunt.
422 3357 540 3426 Simul
560 3371 687 3428 tamen
706 3357 817 3428 etiarn
845 3357 1036 3454 inteilig0,
1056 3357 1087 3426 si
1113 3381 1195 3453 quac
1217 3360 1253 3428 in

249 3473 327 3544 hoc
341 3475 586 3545 animantium
602 3499 759 3572 genere,
773 3475 979 3571 praesertim
1003 3498 1136 3545 recens
1151 3491 1253 3548 nato·¹

249 3616 361 3679 rum,
385 3590 735 3680 animadvertimus,
760 3592 958 3689 multoque
984 3594 1100 3690 magis
1119 3617 1201 3688 quae
1220 3594 1253 3664 iu

250 3707 402 3810 avibus,
433 3709 678 3808 insuetisque,
707 3725 745 3782 et
781 3709 958 3782 humanis
976 3709 1065 3806 ipsis
1091 3705 1253 3799 foetibus

252 3842 344 3926 puta
365 3827 430 3924 qui
451 3852 530 3898 non
555 3809 771 3912 madusius
794 3826 970 3915 cerebra,
997 3841 1034 3898 et
1058 3825 1253 3917 cerebellu

254 3944 366 4018 sedet
378 3945 457 4015 sine
468 3943 690 4041 oblongata,
704 3959 741 4016 et
750 3945 884 4041 spinaii
896 3942 1044 4014 medula
1059 3942 1253 4039 aliquandi:

675 4407 681 4418 ι

911 4515 915 4528 Ι

936 4565 938 4569 ·
1104 4556 1109 4570 Ι

907 4595 912 4610 Ι
