2828 4652
138 460 887 534 mciv.nruonnrscnmnnc.,etc.misr.
902 473 998 520 xiix.
1032 450 1099 523 185

86 586 145 658 hae
166 609 249 656 non
269 583 427 656 omnino
451 580 575 656 essent
593 585 828 680 pestilentes,
853 583 915 656 hic
935 588 1100 685 cogitare

87 706 174 803 quis
191 717 319 801 posset
337 723 431 774 cum
440 700 580 774 celebri
595 701 640 773 de
660 705 713 773 Re
731 701 877 774 Medica
897 705 1099 802 scriptore,

86 845 276 920 aegrorum
297 818 418 890 robur
443 842 523 888 non
544 818 777 916 malignari,
803 818 868 892 sed
892 823 1000 919 copia
1018 847 1102 894 san-

87 939 215 1036 guinis
247 936 381 1026 obrui,
398 935 554 1034 quando
585 952 851 1034 praecesserant
883 962 1002 1011 causae
1018 965 1101 1038 quae

86 1055 190 1130 hanc
202 1057 420 1127 minuerent
440 1056 586 1153 potius,
602 1078 718 1151 quam
739 1069 941 1154 augerent,
959 1073 996 1129 et
1016 1081 1105 1129 san·

88 1176 214 1274 guinis
232 1175 448 1246 missionem
468 1173 728 1272 experimenta
753 1174 831 1269 jam
858 1176 945 1246 satis
969 1199 1103 1274 super-

88 1317 164 1391 que
180 1293 339 1390 repetita
352 1290 596 1364 ostenderant
617 1291 878 1388 perniciosam.

139 1409 196 1481 23.
211 1410 400 1508 Conjungi
419 1410 535 1505 igitur
546 1433 635 1481 cum
649 1409 812 1506 maligna
823 1410 860 1479 vi
872 1410 1101 1482 solutionem

89 1541 155 1599 aut
176 1527 476 1625 coagulationem
506 1527 718 1626 sanguinis,
742 1528 782 1598 in
807 1543 1017 1626 neutraque
1036 1528 1103 1601 ha·

86 1671 174 1718 rum
197 1645 468 1742 malignitatem
488 1646 694 1718 consistere
719 1644 899 1736 credibile
922 1661 994 1734 est,
1008 1671 1101 1746 prae-

88 1765 221 1836 sertim
242 1788 330 1834 cum
351 1762 570 1836 alterutram
589 1763 629 1834 in
647 1777 705 1835 tot
728 1763 827 1851 aliis,
854 1765 921 1862 qui
947 1765 1102 1864 maligni

87 1906 168 1953 non
189 1895 292 1969 sunt,
317 1879 462 1972 morbis
489 1880 692 1952 videamus.
719 1884 894 1971 Attamen
917 1882 984 1955 ubi
1008 1883 1100 1956 alte·

89 2015 196 2072 rutra
217 2022 353 2096 magna
366 1999 430 2086 sit,
447 2013 485 2070 et
494 1998 672 2094 adjuncta
687 1997 826 2070 babeat
853 2015 1103 2098 symptomata

89 2115 234 2214 quibus
247 2115 459 2212 malignitas
470 2113 719 2213 significetur,
735 2113 781 2186 ut
796 2115 835 2186 in
850 2116 982 2214 primis
990 2118 1102 2188 citam

89 2234 366 2332 maximamque
378 2233 673 2337 prostrationem
692 2234 830 2304 virium
848 2260 858 2323 3
878 2259 960 2331 quae
976 2259 1101 2331 neque
1195 2291 1199 2306 .

89 2352 129 2422 in
151 2375 374 2450 praegressas
391 2349 583 2424 evidentes
599 2375 880 2450 causas,neque
893 2353 933 2422 in
946 2353 1102 2424 nimiam

88 2469 197 2565 rejici
215 2469 349 2567 possit,
383 2468 685 2566 obruentemque
709 2471 902 2569 sanguinis
926 2471 1100 2569 copiam;

27 2677 32 2690 ⁸
89 2589 172 2686 ipsa
184 2612 359 2685 quoque,
379 2602 423 2658 ut
446 2613 529 2686 quae
546 2587 796 2678 creberrime,
814 2603 851 2660 et
872 2590 997 2688 gravia
1014 2590 1100 2687 qui-

89 2705 177 2777 dem
194 2703 337 2777 addens
362 2720 628 2803 symptomata,
649 2731 735 2776 cum
753 2706 984 2804 malignitate
1006 2707 1101 2780 solet

92 2822 297 2921 conjungi,
311 2821 410 2894 hanc
428 2821 711 2920 quodammodo
732 2822 1015 2921 comprobabit,
1036 2849 1103 2896 ve·

89 2939 145 3011 lut
162 2941 203 3009 in
220 2939 368 3029 multis,
394 2940 433 3010 in
451 2965 569 3038 eaque
588 2940 699 3013 etiam
719 2966 833 3038 quam
853 2966 898 3012 ex
915 2941 1098 3014 Mediavia
1177 3023 1181 3032 ¹

89 3071 223 3130 nostro
241 3056 453 3154 subjiciam,
472 3057 746 3132 observatione.

140 3180 198 3264 24.
223 3175 360 3246 Mulier
384 3200 505 3248 annos
524 3190 611 3248 nata
639 3176 686 3248 ad
711 3177 1003 3274 quinquaginta,
1024 3200 1101 3246 ma·

89 3293 192 3392 ligna
213 3293 490 3366 evidentissime
520 3293 616 3366 febri
648 3308 848 3392 correpta,
873 3295 912 3364 in
939 3315 1103 3365 nosoco-

89 3412 209 3482 mium
220 3410 322 3482 illata
335 3427 400 3484 est.
421 3412 553 3486 Pulsus
579 3411 714 3485 diebus
731 3435 794 3484 sex
812 3411 944 3510 primis
954 3412 1099 3509 exigui,

89 3545 126 3602 et
144 3527 319 3613 obscuri,
339 3531 407 3603 visi
423 3530 578 3627 quidem
608 3529 853 3629 postmodum
879 3544 965 3601 sunt
985 3531 1100 3628 paulo

89 3647 291 3718 vividiores
303 3629 405 3718 fieris
417 3648 488 3720 Sed
505 3651 639 3746 ingens
654 3651 818 3746 pectoris
826 3649 866 3718 in
879 3647 1101 3746 respirando

88 3765 277 3862 angustia,
299 3780 336 3835 et
369 3766 494 3838 cordis
517 3767 711 3863 palpitatio
736 3766 975 3862 ingruenteS,
1000 3767 1102 3838 intra

87 3879 251 3952 biduum
285 3883 482 3956 mulierem
513 3881 771 3956 confecerunt.
798 3883 965 3954 Thorace
983 3908 1101 3981 prop-

86 4007 191 4073 terea
204 3999 387 4076 duntaxat
399 4015 551 4099 aperto,
570 4003 723 4098 sanguis
737 4016 910 4096 repertus
927 4013 984 4074 est
1000 4000 1039 4069 in
1060 4001 1101 4072 si·
