2854 4660
329 449 400 538 334
497 473 543 518 nn
568 471 715 520 surmus
741 473 784 518 tr
809 471 933 518 otusis
957 471 1170 519 nonnosus:

327 588 394 660 tris
416 585 631 662 vulnerato,
650 607 736 654 cum
759 585 875 654 saniei
893 583 1024 656 similis
1038 586 1197 656 materia
1212 609 1233 654 a
1249 584 1331 655 dex-

327 706 395 776 tris
414 706 565 774 inventa
585 703 646 786 sit,
669 717 706 772 et
732 702 771 772 in
791 725 879 772 sene
905 702 959 786 (ι)
979 726 1057 772 non
1073 726 1117 802 ea
1141 725 1234 799 pars
1254 701 1333 772 tho·

328 821 424 897 racis
441 844 523 916 quae
545 819 664 890 humo
688 817 823 891 afflicta
845 817 982 904 fuerat,
1008 819 1074 890 sed
1092 822 1272 918 opposita
1286 822 1335 888 in·

327 953 479 1010 ternum
496 939 627 1008 vitium
645 936 870 1024 ostenderim
892 934 1050 1008 inferius
1064 935 1118 1031 (n)
1133 937 1183 1006 de
1199 936 1261 1008 his
1275 937 1335 1006 aii»

328 1055 421 1153 quid
438 1053 681 1150 adjiciemus:
704 1068 746 1124 ut
767 1053 813 1126 de
844 1054 1157 1126 convulsionibus
1175 1061 1337 1150 pariter,

327 1174 434 1248 nervi
449 1171 616 1244 laesiones
633 1171 699 1267 qui
712 1169 783 1242 sub
792 1172 994 1268 supercilio
1012 1170 1239 1256 reflectitur,
1253 1195 1338 1242 eon.

327 1289 582 1388 sequentibus.
603 1292 680 1362 Nec
700 1303 827 1360 tamen
848 1291 883 1362 ei
899 1313 1016 1361 nervo
1041 1289 1245 1378 duntaxat,
1274 1289 1333 1360 sed

327 1423 365 1482 et
383 1407 498 1480 saniei
517 1431 592 1503 qua
611 1408 766 1478 meniux
783 1407 943 1478 crassior
965 1405 1159 1494 madebat,
1186 1422 1225 1477 et
1247 1431 1333 1478 eon·

328 1524 536 1610 vulsiones,
561 1537 598 1594 et
624 1538 785 1596 mortem
814 1521 1021 1618 hujusviri
1051 1523 1280 1594 tribuimus:
1301 1537 1335 1593 ut

328 1643 426 1714 senis
445 1639 620 1712 morbum
639 1655 676 1712 et
692 1643 886 1713 interitum
909 1643 1044 1738 partim
1063 1643 1335 1738 peripneumo-

329 1761 420 1832 nicae
458 1759 649 1857 pulmonis
678 1760 956 1845 constitutioni,
992 1760 1129 1856 partim
1162 1759 1338 1856 sanguini

328 1879 427 1948 inter
455 1876 573 1947 cranii
603 1874 751 1964 basim,
783 1875 962 1972 illamque
996 1876 1217 1972 meningem
1247 1857 1342 1946 con·-

329 2010 452 2080 creto,
482 1992 529 2062 ad
557 1992 805 2090 eamdemque
835 2019 916 2064 non
949 1994 1075 2063 minus
1109 1991 1335 2076 adhaerenti,

329 2137 442 2210 quam
458 2112 498 2181 in
518 2112 599 2181 viro
617 2109 851 2199 adhaerebat,
871 2112 938 2208 qui
956 2136 1002 2181 ex
1021 2135 1112 2182 casu
1128 2109 1177 2179 ab
1193 2110 1276 2181 alto
1292 2111 1337 2181 iu

328 2247 385 2303 tra
406 2226 660 2326 quatriduum
678 2226 898 2300 interfectus
915 2229 1146 2328 proponitur
1164 2228 1213 2296 in.
1231 2233 1339 2299 Com·

329 2346 521 2420 montariis
553 2345 840 2440 Petropolitanae
870 2350 1007 2442 Imper.
1030 2346 1226 2415 Scientiar.
1250 2349 1338 2416 Aca·

328 2463 459 2538 demiae
479 2459 551 2558 (3).
576 2465 758 2534 Cmterum
780 2485 862 2559 quae
883 2465 983 2534 intra
1009 2464 1184 2532 cranium
1212 2487 1337 2549 ηοω,

328 2584 411 2679 ipso
434 2580 564 2666 illaeso,
583 2580 622 2650 in
644 2577 836 2652 histribus
857 2579 1187 2652 observationibus
1204 2580 1336 2680 depre-

328 2699 452 2770 hensae
468 2712 571 2783 sunt,
589 2697 637 2768 ad
651 2697 827 2770 eumdem
848 2699 1004 2770 modum
1030 2699 1213 2795 explicari
1232 2723 1335 2798 posse

329 2814 526 2912 intelligis,
550 2814 596 2887 ad
617 2815 833 2912 quem-dure
858 2841 953 2916 quas
977 2833 1064 2888 ante
1082 2818 1184 2913 ipsus
1202 2817 1335 2914 legisti,

329 2933 518 3031 explicatae
547 2947 635 3005 sunt
657 2936 721 3029 (4).
764 2938 896 3031 Neque
935 2935 1042 3006 aliter
1082 2935 1334 3033 explanandas

328 3053 514 3151 quinquex
531 3051 720 3139 censebis,
738 3077 739 3082 ¹
754 3077 847 3149 quas
886 3055 1069 3124 continuo
1119 3053 1333 3150 subjiciam,

328 3171 458 3244 cranio
476 3168 633 3264 quidem
651 3170 828 3242 exterius*
842 3171 950 3259 laeso,
968 3170 1032 3242 sed
1054 3171 1158 3241 intus
1179 3174 1334 3245 omnino

328 3288 487 3382 integro.
579 3333 580 3336 =

377 3429 411 3499 9.
426 3407 545 3476 Senex
564 3427 752 3474 annorum
763 3405 912 3477 circite!
927 3407 1183 3504 septuaginta,
1203 3433 1250 3478 ex
1266 3407 1333 3478 alto
