2784 5088
317 445 385 492 ua.
402 443 451 490 tv.
474 443 519 490 ou
534 439 879 507 uonmscruauao„
897 431 965 491 etc.
980 445 1091 492 nrrsr.
1107 445 1169 492 un.
1197 420 1256 520 [ὥς

263 555 464 647 calidiore3
485 556 549 629 sed
567 571 603 627 ot
621 559 833 654 Magatum,
851 571 894 628 ut
912 557 1004 629 alios
1030 560 1243 632 omitterem

263 678 306 746 in
326 673 396 747 hac
411 669 545 747 fuisse:
564 688 601 745 et
617 700 662 745 eo
680 675 769 744 anni
798 689 970 774 tempore
992 679 1129 775 magis,
1153 703 1256 775 quan

265 793 400 892 saepius
414 793 494 865 aliis
509 778 610 891 apud
625 792 727 878 illos,
748 790 810 862 hic
830 789 948 890 frigus
962 791 1122 891 urge're3
1142 795 1256 892 itaqu«

263 923 434 981 nostram
448 933 603 1006 quoque
622 923 832 978 matronam
851 907 953 980 haud
971 929 1078 981 secus
1087 933 1130 980 ac
1148 913 1256 1007 Ruys·

264 1025 343 1098 chii
362 1025 575 1114 mulierem,
596 1025 683 1095 inde
705 1025 826 1097 laesam
845 1049 923 1098 esse
945 1025 1049 1124 quod
1069 1051 1089 1096 e
1108 1051 1219 1098 curru
1231 1033 1256 1097 ιί

263 1157 405 1214 terram
417 1142 608 1232 cecidisset
614 1141 701 1240 gelu
719 1143 945 1214 induratam.
965 1145 1084 1242 Igitur
1101 1167 1165 1214 me·
1184 1145 1256 1242 qui·

263 1259 352 1333 dem
370 1261 504 1334 eodem
514 1259 579 1331 iilo
591 1255 758 1333 tomento
768 1283 937 1350 usurum,
955 1285 1033 1359 quo
1045 1263 1076 1335 is
1088 1287 1168 1334 non
1182 1287 1256 1336 rar<

262 1407 356 1454 usus
373 1397 469 1453 esset
484 1379 717 1470 felicissime,
734 1407 860 1480 neque
880 1383 1003 1456 alieno
1025 1409 1045 1456 a
1065 1385 1183 1458 cautis
1194 1389 1256 1456 Ma

262 1501 340 1600 gati
365 1499 539 1586 monitis,
574 1513 611 1571 et
643 1499 814 1598 quaedam
840 1525 973 1574 eorum
1001 1501 1164 1576 habente
1187 1527 1256 1600 qua

260 1620 343 1717 ipse
358 1618 583 1691 laudaverat.
602 1621 700 1690 Itum
720 1601 811 1691 esta
829 1619 985 1692 medicis
1004 1622 1044 1692 in
1064 1618 1164 1693 hanc
1184 1646 1256 1694 sen·

259 1736 438 1827 tentiam3
456 1761 527 1807 nec
547 1736 656 1808 ivisse
677 1737 873 1834 poenituit,
894 1728 981 1808 cuin
1007 1738 1087 1834 ejus
1111 1737 1253 1810 remedi

262 1855 484 1928 continuato
509 1877 582 1926 usu
606 1878 702 1951 aegra
728 1855 893 1952 primum
923 1855 1143 1929 meliuscula
1175 1854 1256 1929 facta

261 1973 336 2062 sit,
354 1971 491 2044 deinde
516 1970 563 2043 ad
586 1996 625 2044 se
647 1972 820 2061 redierit,
838 1988 893 2060 et,
910 1973 1018 2044 nulio
1037 1973 1192 2048 demum
1206 1999 1256 2046 su·

259 2091 416 2189 perstite
434 2086 697 2177 incommodO,
721 2091 773 2160 sic
797 2091 971 2180 evaserit,
995 2106 1037 2163 ut
1063 2089 1186 2163 donee
1209 2116 1256 2163 se·

258 2223 412 2280 nectute
431 2209 510 2306 ipsa
530 2204 700 2280 confecta
717 2221 791 2297 est,
818 2233 938 2314 annos
957 2207 1119 2310 amplius
1133 2211 1256 2308 vigint]

257 2327 460 2398 incolumis
478 2323 622 2398 vixerit.
661 2323 733 2396 Sed
752 2319 839 2397 felir¹
857 2323 920 2396 hic
941 2341 1096 2397 eventus
1120 2350 1165 2396 eo
1180 2350 1256 2396 rna·

258 2445 317 2543 gis
344 2443 518 2515 homines
538 2468 559 2514 a
585 2442 702 2514 cranii
726 2439 981 2542 perforatione
1008 2469 1158 2517 aversos
1178 2444 1256 2516 red·

257 2559 371 2648 didit,
387 2557 675 2659 fomentumque
699 2560 792 2631 illud
816 2561 940 2660 ipsum
961 2587 1006 2634 ex
1026 2587 1071 2634 eo
1093 2577 1256 2660 tempor<

256 2704 347 2752 curn
366 2705 387 2749 a
405 2677 560 2752 medicis
578 2678 786 2768 laudatum,
805 2693 917 2777 atque
932 2705 952 2749 a
968 2679 1256 2779 chirurgis,tu1n

256 2795 307 2868 ab
326 2798 430 2896 aegris
456 2798 680 2896 praesertim,
711 2809 774 2866 aut
798 2819 819 2867 a
842 2797 1129 2895 consanguineis
1160 2813 1256 2897 opta·

256 2931 363 3002 tum,
379 2913 683 3013 frequentissimo
704 2915 743 2983 in
768 2935 838 2986 usu
857 2914 919 2986 hic
945 2913 1035 3001 fuit3
1061 2929 1104 2985 ut
1125 2917 1256 2988 veritus

257 3034 331 3107 sim
349 3032 573 3131 aliquande,
589 3055 638 3100 ne
658 3045 798 3102 temere
813 3046 1053 3128 usurpatum,
1068 3031 1179 3102 alicui
1189 3046 1256 3102 tan

204 3177 210 3181 ·’
255 3167 341 3224 tum
359 3161 532 3237 noceret,
557 3163 742 3248 quantum
760 3143 1058 3248 aliisprofuerat.
1080 3140 1256 3219 Nam-fer·

256 3267 449 3340 vidissima
468 3266 568 3366 apud
583 3290 653 3337 nos
671 3279 793 3336 aestate
809 3264 1019 3338 adhibitum
1039 3265 1150 3336 etiam
1167 3265 1256 3354 vidi,

256 3385 363 3460 velut
377 3387 475 3459 ineo
493 3409 581 3456 casu
595 3408 709 3482 quem
726 3406 785 3454 res
810 3382 888 3454 haec
909 3382 955 3453 ad
973 3383 1193 3454 memoriam
1207 3409 1256 3455 re·

152 3489 160 3502 ’
256 3503 377 3602 digit,
396 3529 466 3575 nec
481 3517 636 3600 propter
653 3501 756 3571 hanc'
771 3513 939 3586 tanturn,
968 3501 1033 3571 sed
1053 3515 1093 3572 et·
1108 3517 1256 3599 propter

258 3619 349 3692 alias
375 3619 556 3717 quasdam
571 3617 915 3688 animadversiones
939 3620 1068 3715 paucis
1094 3617 1162 3689 tibi
1186 3642 1256 3689 nie·

258 3737 430 3810 morabo.

312 3881 368 3928 21.
387 3834 602 3928 Generosos
617 3856 753 3924 Comes
773 3875 862 3923 cum
893 3849 991 3921 forte
1019 3873 1099 3920 non
1130 3848 1256 3921 humil]

260 3972 425 4050 scabello
447 3971 653 4056 insisteret,
672 3967 955 4040 hocvacil‘iante
974 3981 1182 4038 retrorsum
1204 3993 1256 4042 ce
