2828 4652
306 411 373 486 156

299 552 393 624 nino
425 547 631 646 negabant,
669 547 839 645 ideoque,
879 561 923 618 ut
958 553 1117 646 opinor,
1149 547 1310 646 quidam

280 657 411 738 'etiam
432 666 534 737 ultro
552 690 637 737 rara
656 666 846 765 exempla,
866 664 933 737 ubi
955 689 1066 738 causa
1083 665 1313 738 deficieban-
1395 670 1396 673 ’

302 799 387 873 tur,
406 783 643 869 reticebant,
663 805 757 881 quos
778 781 841 855 illc
857 782 924 856 vel
950 809 994 855 eo
1014 789 1164 855 nomine
1181 809 1313 882 repre-

299 901 514 1000 headan),
537 899 693 1000 quodsi
716 903 767 972 ita
772 903 876 998 fiat,
909 902 1006 973 scitu
1029 901 1143 1000 digna
1157 887 1319 973 infinita'

298 1021 603 1120 praeterihuntur.
624 1020 726 1111 Quin
745 1020 912 1092 veritatis
939 1019 1144 1108 studiosus,
1160 1023 1312 1117 inquit,

239 1148 243 1156 ’
299 1163 413 1210 omne
428 1136 541 1209 debet
555 1137 659 1234 quod
677 1127 902 1235 conspiciat,
923 1137 1068 1209 etiamsi
1081 1163 1168 1209 eum
1190 1133 1309 1235 anget

299 1281 425 1344 causa,
450 1253 583 1327 sedulo
601 1279 800 1353 exponere.
841 1255 954 1350 Quod
967 1280 1035 1353 ego
1052 1261 1253 1342 monitum,
1274 1268 1313 1325 et

299 1399 363 1446 cas
379 1374 426 1445 de
442 1374 575 1471 quibus
592 1371 730 1443 dictum
749 1389 829 1462 est„
852 1379 1018 1444 rationes
1035 1389 1197 1462 secutus,
1224 1397 1309 1444 non

298 1498 440 1564 veritus
465 1515 546 1562 sum
573 1497 611 1561 iu
630 1491 686 1562 his
714 1491 816 1563 libris
839 1517 916 1594 nou
947 1491 1062 1564 semel
1088 1498 1132 1564 iis
1152 1493 1309 1592 quoque

299 1612 612 1683 observationibus
636 1609 759 1682 locum
778 1610 873 1681 dare
899 1635 987 1714 qum
1005 1607 1212 1710 explicatus
1233 1611 1309 1681 ka·

300 1728 388 1798 benc
402 1727 646 1825 dificillimos‚
667 1742 799 1798 utoum
813 1734 851 1799 in
862 1729 1016 1800 robusto
1032 1728 1179 1825 bajula,
1197 1733 1306 1826 quiu-

299 1850 481 1944 quaginta
495 1851 641 1916 circiter
658 1872 779 1919 annos
793 1862 907 1938 nato,
926 1871 993 1918 cor
1011 1845 1190 1945 descripsi
1203 1873 1305 1945 pue-

298 1963 362 2032 rili
374 1961 486 2035 corde
503 1987 579 2034 non
595 1967 742 2062 majus,
767 1989 885 2062 neque
908 1979 1031 2035 tamen
1053 1979 1095 2034 ut
1109 1963 1189 2034 alia
1215 1989 1308 2035 non·

298 2105 491 2178 nunquam
529 2088 677 2155 inventa
712 2107 821 2180 (equo
852 2089 1001 2154 minora
1036 2081 1172 2170 corda,
1197 2081 1306 2182 quid-

297 2223 410 2295 quam
429 2200 572 2271 habens
592 2200 755 2272 laesionis
765 2254 776 2288 ,
797 2216 867 2271 aut
883 2205 988 2288 vitii,
1008 2226 1055 2270 ne
1073 2206 1111 2270 in
1129 2205 1210 2298 ipsa
1227 2205 1305 2299 qui-

296 2315 379 2386 de'm
397 2319 620 2388 substantiae
648 2323 916 2389 constitutione.
951 2321 1010 2390 Sic
1026 2334 1064 2389 et
1082 2317 1164 2389 alia
1192 2323 1305 2389 etiam

286 2459 387 2504 sane
402 2459 492 2504 rara
501 2442 707 2533 proposui,
729 2449 771 2506 ut
788 2442 826 2506 in
842 2436 936 2508 libro
958 2436 1030 2508 hoc
1046 2451 1182 2536 quarto
1209 2441 1305 2507 tuni·

298 2571 382 2622 cam
398 2551 499 2623 oculi
514 2558 673 2624 retinam
694 2556 1015 2645 osseamfactam,
1035 2570 1073 2626 et
1092 2561 1193 2626 intra
1205 2577 1304 2652 genu

223 2713 224 2716 =
298 2669 496 2740 articulum
513 2672 831 2769 osseosplurimos
849 2678 997 2744 innatos
1008 2670 1200 2770 globulos,
1220 2699 1303 2771 quoe

297 2792 451 2876 nemini,
478 2787 584 2886 quod
605 2795 743 2876 sciam,
773 2805 861 2860 ante
884 2815 941 2860 me
965 2789 1095 2862 videre
1123 2797 1161 2861 in
1186 2791 1302 2862 Italia

297 2909 460 3001 contigit.
949 2917 951 2922 “

296 3053 300 3062 ·
345 3022 422 3094 Sed
436 3039 578 3120 'quanto
596 3029 780 3123 majorem
802 3027 858 3098 ad
882 3053 1008 3118 raros,
1038 3033 1233 3124 magisque
1249 3024 1302 3099 ad

294 3141 522 3238 vulgatiores
545 3144 696 3214 morbos
711 3145 963 3218 observandos
992 3152 1211 3216 nosocomia
1233 3168 1302 3214 no-

296 3261 352 3330 bis
360 3261 539 3358 praebent
550 3269 893 3360 opportunitatem:
910 3278 1014 3334 tanto
1024 3270 1166 3362 sceptus
1184 3269 1302 3334 uicem

295 3377 407 3447 doleo
427 3385 637 3476 priscorum
669 3377 918 3470 medicorum,
945 3388 1014 3480 qui
1040 3380 1086 3452 ea
1115 3386 1305 3452 caruerint

225 3552 228 3558 .
295 3511 438 3564 necesse
455 3511 528 3581 est,
553 3502 586 3566 si
602 3503 821 3568 nosocomia
834 3505 1003 3597 primum
1026 3505 1197 3583 instituta
1220 3510 1304 3570 sunt

296 3611 496 3709 nonlongo
516 3629 604 3684 ante
626 3621 877 3688 lastinianum
909 3632 1074 3715 tempore
1085 3671 1097 3705 ,
1125 3615 1303 3715 quemad-

333 3984 377 4064 (ι)
397 3989 442 4044 De
455 4007 535 4047 caus.
548 3990 626 4065 puls.
642 3999 665 4051 t.
680 4007 712 4064 2,
727 4010 754 4048 c.
769 3963 816 4047 1‘3.
