2816 5282
312 437 379 484 ms.
396 437 444 484 ιν.
462 439 508 488 nr
519 437 658 487 nonme
670 436 867 503 minues„
878 429 949 486 etc.
962 424 1076 487 nrnr'.
1090 439 1168 491 mn.
1199 413 1219 487 5

256 573 350 624 men
381 575 465 622 enm
492 551 672 626 duntaxat
706 552 870 624 Lancisii
903 549 1219 626 animadversione

257 669 350 740 satis
376 693 457 748 esse
483 669 618 759 credo,
639 684 683 740 ut
703 667 890 742 rationem
923 693 1167 766 assequamur
1197 695 1219 767 q

258 781 405 874 factum
426 785 520 858 illud
535 790 598 876 sit,
618 786 724 885 quod
742 812 764 859 a
781 811 820 859 se
839 789 981 874 visum,
1005 811 1092 858 eum
1112 787 1219 859 Salsu}

257 917 378 988 esset,
405 905 583 978 Valsslvae
603 921 640 978 et
667 903 762 980 mibi
783 903 1018 980 asseverabat
1039 905 1202 978 Jueobus

257 1023 448 1118 eogninus
466 1023 506 1094 in
522 1027 566 1094 R:
582 1025 803 1095 Taurineusi
813 1022 898 1094 aula
916 1025 1082 1121 primum
1096 1023 1219 1098 eunsii

255 1138 359 1224 mue,
371 1155 408 1210 et
422 1140 613 1230 medicus,
624 1141 762 1214 deinde
778 1143 818 1216 iu
835 1141 910 1214 huc
921 1143 1116 1239 gymnasio
1126 1141 1219 1213 colle

255 1269 417 1343 noster,
439 1257 531 1328 dum
548 1259 709 1348 viveret,
730 1243 1000 1332 ornatissimus

241 1431 248 1451 ,
311 1371 368 1444 35.
384 1377 505 1452 Senex
521 1375 643 1450 aliena
655 1379 695 1448 in
715 1378 815 1476 sylva
835 1377 936 1474 ligna
952 1375 1117 1463 eredens,
1140 1375 1189 1452 ab
1204 1401 1219 1448 s

255 1513 315 1562 vae
334 1489 493 1564 domino
512 1494 552 1568 iu
577 1495 705 1568 medin
733 1491 835 1568 furt'o
864 1493 1175 1593 deprehenditur.
1203 1497 1219 1562 Ι

252 1607 486 1697 maledictis,
515 1627 554 1684 et
574 1615 685 1685 minis
701 1615 937 1686 resistentem
956 1613 1062 1710 prius
1081 1613 1219 1708 increp:

252 1739 341 1797 tum
362 1725 528 1824 deniqne
540 1726 719 1826 fugientis
739 1730 895 1803 dorsum
913 1729 1052 1818 semel,
1072 1727 1177 1806 baud
1196 1753 1219 1800 a*

250 1841 376 1939 plius,
394 1840 493 1916 fuste
511 1847 686 1942 pereutit
709 1853 914 1926 Percussus
932 1861 1019 1944 post
1033 1842 1131 1918 duos
1145 1861 1219 1928 tres

254 1956 392 2056 pessus
413 1976 589 2034 mortuus
613 1963 790 2036 concidit.
815 1964 963 2038 Arteria
989 1986 1149 2060 magua,
1183 1962 1219 2032 ii<

252 2077 464 2168 vertebrae,
494 2096 680 2180 costaque
709 2096 833 2156 esseut
856 2082 1032 2180 integrm,
1048 2094 1163 2178 etque
1184 2079 1219 2148 iii

254 2219 327 2282 ms,
358 2210 469 2294 rupta
500 2199 540 2270 in
576 2216 833 2274 transversum
845 2253 860 2304 ,v
888 2214 926 2272 et
957 2199 1114 2272 discissa·
1137 2221 1219 2296 repe

254 2327 295 2386 ta
315 2329 382 2394 est.
1059 2397 1062 2406 Ι

309 2431 369 2503 36.
390 2433 503 2524 Quod
520 2437 696 2542 superius
715 2435 772 2534 (1)
792 2437 839 2508 de
868 2436 1000 2530 sudem
1020 2436 1155 2508 arteria
1177 2433 1219 2505 di:

256 2565 455 2646 cumpost
483 2577 611 2625 casum
638 2579 684 2626 ex
699 2554 880 2627 altissimo
908 2554 996 2626 loco
1021 2577 1060 2626 se
1093 2551 1217 2626 Valeat

256 2680 448 2763 pertusam
469 2669 609 2743 obtulit
627 2674 727 2744 intra
742 2671 1016 2774 pericardiurn,
1043 2669 1146 2743 idem
1164 2685 1219 2740 tar

258 2785 380 2880 magis
412 2785 474 2858 bic
505 2788 629 2860 dicam
674 2815 827 2866 necesse
857 2805 932 2879 est,
983 2789 1051 2862 ubi
1082 2789 1122 2860 in
1157 2803 1219 2859 trai

258 2925 412 2974 versum
427 2907 594 2976 occurrit
613 2905 794 3005 disrupta.
814 2911 935 2979 Senex
952 2921 1032 2980 erat
1048 2909 1219 3003 percussi

260 3020 301 3114 iu
328 3020 485 3096 senibus
508 3039 633 3098 autern
662 3027 832 3122 quoties,
851 3039 889 3096 et
914 3037 1103 3120 quantum
1127 3047 1219 3094 erest

261 3137 366 3211 intus
399 3141 574 3212 arteriam
610 3141 712 3213 illam
743 3141 971 3229 viderimus,
989 3154 1126 3212 nostrae
1155 3137 1208 3227 adl

264 3256 429 3352 epistulae
443 3260 531 3331 satis
551 3259 769 3356 ostendunt.
789 3261 826 3332 Si
840 3256 936 3330 forte
950 3259 1028 3355 jam
1045 3257 1219 3355 disrupti(

264 3395 336 3469 per
372 3398 411 3446 se
445 3379 617 3473 proxima
654 3393 733 3450 erat
763 3402 849 3450 eum
881 3375 1075 3449 vertebras
1098 3373 1146 3447 ud
1182 3400 1219 3472 qr

266 3488 451 3580 adhaeret,
475 3494 680 3568 vehemens
702 3497 800 3568 ictus
832 3495 1045 3584 concussit3
1077 3518 1158 3566 non
1183 3493 1219 3562 it:

266 3608 628 3689 verisimilitudine
661 3614 828 3686 alienum
861 3612 1078 3700 videbitur,
1107 3609 1219 3708 potui

310 3979 353 4058 (1)
373 3983 411 4040 r.
429 3983 457 4040 s.
