2872 4660
131 417 192 464 tir.
216 415 271 462 141.
298 413 346 462 DE
372 409 509 460 MORBIS
526 410 697 474 vnnrnts,
722 411 834 462 EPIST·
862 415 988 462 XLVIII.
1024 417 1073 491 79

91 522 267 605 conatibus
290 525 385 600 alios
410 549 584 624 quoquc,
604 524 751 618 vicinos
780 524 943 598 distento
964 545 1075 603 utero

89 652 122 722 in
137 631 472 747 pelvi,'musculos,
488 657 527 714 et
543 643 767 714 nominatim
785 641 935 716 iliacum
958 647 1076 720 inter-
1140 741 1147 750 ι
1190 649 1193 656 “

90 791 188 856 num,
205 779 240 838 et
258 765 325 862 qui
337 786 450 862 psoas
458 775 615 836 vocatur
626 813 638 849 ,
650 758 868 833 detrimenti
880 763 1077 862 quidpiam

92 908 222 984 capere,
239 882 307 980 qui
327 879 488 954 musculi
515 901 605 950 cum
622 875 669 949 ad
685 877 967 953 trochanterem
985 883 1079 956 altc-

90 1027 161 1074 rum
176 1002 223 1072 ita
239 999 475 1100 pertineant,
489 1011 533 1069 ut
553 993 677 1072 femur
696 996 890 1090 attollant,
909 1023 990 1072 non
1008 1000 1079 1072 do-

91 1120 193 1194 lorem
212 1115 347 1204 modo,
375 1130 418 1188 ut
441 1114 639 1188 obturator
661 1112 748 1202 ille,
771 1115 837 1186 sed
864 1129 902 1187 et
925 1115 1082 1192 femoris

91 1235 267 1310 attollendi
298 1231 559 1306 difficultatem
589 1239 785 1332 puerperoe'
811 1229 970 1307 afferant
1007 1261 1081 1335 pro

93 1356 181 1427 tario
196 1352 411 1430 detrimenti
430 1351 550 1450 gradu
566 1351 775 1439 minorem,
793 1367 857 1424 aut
878 1354 1081 1450 majorem,

91 1469 308 1560 breviorem,
335 1485 400 1542 aut
425 1469 725 1557 diuturniorem
741 1493 830 1542 nam
860 1470 920 1542 vel
944 1496 1083 1571 perpe·

91 1603 176 1660 tuam
192 1587 402 1676 interdum,
421 1589 517 1662 utin
535 1585 658 1658 nobili
675 1601 847 1660 matrona
865 1611 978 1662 socru
994 1613 1084 1664 nos-

91 1719 138 1778 tra
149 1706 324 1797 vidimus,
338 1729 453 1804 quarn
466 1704 636 1778 relictam
650 1703 721 1778 sibi
735 1706 913 1780 narrabat
927 1706 975 1778 ab
986 1709 1083 1805 ejus·

92 1823 180 1896 nodi
196 1839 326 1924 partu,
344 1821 671 1896 claudicationem.
700 1823 791 1914 Quae
812 1850 907 1898 num
925 1823 1023 1899 forte
1043 1828 1083 1898 in

96 1943 295 2040 ullacarum
309 1967 402 2042 quas
416 1931 669 2017 claudicantes
680 1943 886 2032 secuimus,
898 1943 1086 2018 abeodem
1172 1941 1178 1948 ’

94 2085 187 2136 causa
203 2063 390 2162 originem
410 2061 600 2150 traxisset,
622 2085 693 2158 pro
710 2075 814 2134 certo
832 2085 936 2134 nunc
957 2065 1086 2134 merni-

96 2179 180 2254 nisse
198 2206 277 2254 non
293 2203 507 2280 possumus.
533 2183 738 2268 Caeterum,
775 2193 818 2250 ut
848 2178 938 2252 illuc
958 2179 1089 2252 redea-

94 2318 186 2388 mus,
199 2298 423 2372 inclinatum
442 2321 598 2397 quoque
621 2293 852 2370 offendimus
874 2312 1027 2370 uterum
1048 2298 1089 2370 in

96 2417 274 2491 nonnullis
296 2415 467 2516 gibbosis
484 2393 559 2505 sic,
577 2429 705 2488 tamen
723 2439 803 2487 non
827 2429 870 2486 ut
887 2414 1024 2514 gibbus
1043 2416 1091 2490 ab

95 2535 179 2606 uteri
190 2535 437 2608 inclinatione
448 2529 575 2620 fieret,
596 2531 662 2606 scd
680 2548 869 2622 contra,a
891 2536 1005 2632 spinae
1018 2533 1095 2608 dis·

93 2651 249 2726 torsione
267 2652 368 2728 uteri
385 2650 600 2740 inclinatio,
617 2649 720 2724 velut
737 2652 776 2724 in
795 2650 943 2724 duabus
965 2652 1096 2755 saltem

95 2767 288 2870 dequibus
304 2771 481 2870 protinus
501 2793 717 2844 sermonem
735 2768 972 2844 habebimus.
996 2815 1010 2842 a

136 2886 189 2977 34.
227 2888 388 2964 Anicula
425 2886 585 2987 gibboso
633 2901 802 2960 extremo
844 2887 939 2960 adeo
971 2888 1098 2962 morbi

95 3016 254 3106 tempore
291 3007 333 3080 in
377 3006 643 3082 nosocomium
676 3005 777 3078 illata
815 3001 956 3095 fuerat,
985 3021 1027 3078 ut
1065 3007 1096 3078 is

97 3125 153 3220 qui
184 3125 341 3214 fnisset,
380 3125 476 3200 scire
501 3149 580 3198 non
612 3125 825 3224 potuerim3
861 3124 972 3198 simul
998 3126 1100 3196 enirn

95 3235 200 3318 ferme
227 3244 333 3316 illata
369 3257 444 3331 est,
480 3266 523 3316 ac
559 3257 724 3316 mortua.
760 3246 892 3340 Itaque
912 3265 1101 3340 perpauca

97 3381 135 3430 ex
157 3361 237 3458 ejus
256 3361 438 3436 cadavere
459 3361 653 3460 discipulis
671 3359 947 3447 demonstravi,
979 3383 1101 3459 eoque
1129 3342 1133 3354 '

96 3480 288 3571 pauciora,
319 3479 424 3578 quod
457 3479 575 3552 virilis
614 3479 749 3577 optimi
778 3477 970 3551 cadaveris
1007 3477 1102 3552 mibi
1134 3534 1146 3568 ,

97 3618 135 3666 eo
152 3611 326 3698 ternpore
352 3599 462 3697 copia
488 3613 568 3672 erat
595 3598 636 3672 iu
653 3597 821 3670 theatro
851 3595 1005 3672 docenti
1034 3597 1104 3670 sub
1299 3620 1304 3656 ι

95 3711 247 3807 januarii
268 3714 384 3789 finem
397 3721 487 3788 anni
502 3716 604 3814 1748.
629 3720 683 3786 Ex
717 3713 873 3788 thorace
890 3714 987 3784 nihil
1002 3713 1104 3786 aliud

98 3851 136 3902 ac
154 3857 218 3908 cor
236 3835 404 3933 inspexi,
428 3849 529 3906 recte
554 3859 592 3907 se
620 3831 784 3921 habens,
805 3832 978 3928 quamvis
1001 3855 1107 3902 coro-

101 3951 211 4026 nariis
240 3953 390 4034 arteriis
419 3965 606 4049 quatuor,
635 3951 730 4024 sicut
763 3947 854 4021 alibi
875 3947 1106 4038 describam,
