2812 4656
324 387 396 464 286
493 411 540 460 ns
567 409 713 460 srnrnus
739 413 783 460 rr
810 411 935 460 causis
962 406 1176 460 massonum

322 529 369 600 ad
386 549 530 598 annum
547 527 679 596 attinet
706 526 818 622 1739,
843 528 910 622 qui
927 525 1112 598 adurente
1134 525 1257 598 herba
1275 526 1323 599 ad·

325 647 444 718 hibita
475 665 633 716 cancros
653 643 833 714 radicitus
855 644 990 716 tollere
1023 645 1237 717 dicebatur.
1267 646 1325 715 Sed

324 763 401 838 sive
421 789 463 833 ea
479 749 715 834 Dentellan'a
732 761 964 850 Rondeletii,
984 773 1027 834 ut
1042 785 1086 834 ex
1100 763 1326 860 indiciisqui-

324 880 484 954 busdam
500 881 751 976 conjecimus,
770 882 851 978 ipse
878 882 999 968 enirn,
1028 891 1220 978 quantum
1237 893 1326 979 pote·
1364 869 1365 908 ¹

327 1013 409 1088 rat,
439 997 673 1085 occultabat3
703 999 779 1070 sive
808 997 878 1070 alia
905 1011 1007 1086 erat,
1044 1023 1132 1070 cum
1167 1017 1325 1096 magnam
1364 1005 1365 1092 t

291 1189 293 1194 .
328 1119 513 1217 primum,
538 1131 581 1187 ut
594 1115 659 1205 fit,
677 1116 725 1187 de
745 1141 784 1188 se
808 1115 945 1188 famam
966 1119 1215 1206 concitasset,
1237 1139 1325 1188 cura-

328 1235 478 1308 tionum
498 1237 599 1306 exitu
616 1259 697 1305 non
709 1235 965 1333 respondente
991 1233 1166 1308 desertus
1185 1251 1249 1308 est.
1272 1235 1342 1324 Qui

251 1442 258 1455 ι
329 1373 378 1426 an
390 1352 547 1426 feliciter
560 1351 662 1451 apud
682 1352 981 1452 Monspelienses
1010 1353 1247 1452 respondere
1265 1375 1326 1450 per

276 1561 281 1580 ἢ
327 1473 483 1558 rexerit,
508 1471 745 1569 ignoramus:
767 1460 869 1568 apud
902 1493 973 1544 nos
998 1481 1098 1544 certe
1124 1471 1279 1557 medici,
1299 1480 1325 1538 et

333 1589 502 1688 chirurgi
522 1591 640 1688 magis
661 1589 701 1660 in
720 1611 764 1662 ea
787 1591 971 1660 sententia
998 1589 1219 1662 confirmati
1244 1601 1326 1670 suut,

186 1703 189 1710 ’
330 1723 476 1780 utcum
496 1709 791 1805 rictiaegrorum
811 1706 1009 1804 precibus,
1028 1705 1190 1780 minime
1208 1721 1324 1802 eaque

236 1896 240 1910 ,
334 1846 447 1925 supra
465 1827 520 1923 (ι)
534 1839 622 1897 sunt
642 1824 760 1913 dieta,
778 1825 1052 1922 spectantium,
1070 1827 1261 1924 suscipere
1278 1843 1324 1892 cu·
1363 1891 1364 1894 ,

335 1945 520 2016 rationem
539 1957 745 2042 coguntur,
776 1945 1003 2014 excisionem
1022 1941 1245 2041 praeferant,
1264 1961 1323 2037 qua

336 2065 367 2135 si
386 2085 466 2133 non
486 2066 612 2132 minus
637 2061 795 2149 acerba,
820 2072 857 2132 at
883 2062 996 2158 longe
1020 2061 1191 2134 breviori
1217 2059 1321 2131 dolore

336 2183 689 2298 peragitur3sicque
709 2180 868 2251 minoris
891 2195 1039 2252 constat
1057 2183 1185 2277 egris,
1205 2173 1322 2252 tametsi
1364 2151 1365 2242 i

335 2315 468 2398 postea
484 2323 621 2372 cancer
636 2298 783 2388 redeat,
804 2299 833 2390 si
859 2320 939 2368 non
956 2300 1053 2386 rita,
1074 2313 1111 2370 at
1130 2306 1233 2372 certe
1249 2295 1320 2377 rita,

336 2421 481 2490 interea
500 2419 579 2490 sine
598 2415 756 2488 assiduis
768 2417 952 2488 teterrimi
964 2417 1091 2488 morbi
1100 2413 1320 2494 eruciatibus,

272 2593 279 2614 ,
339 2538 567 2634 prorogatio.
591 2539 734 2607 Verum
753 2535 975 2633 prorogatio
994 2533 1073 2607 haec
1096 2537 1179 2634 ipsa
1202 2550 1242 2606 ut
1265 2552 1322 2628 spe·

338 2655 414 2724 rari
427 2656 564 2750 possit,
585 2677 686 2750 quae,
706 2669 742 2724 et
763 2649 858 2751 quot
886 2655 925 2722 in
954 2653 1062 2751 aegris
1091 2655 1321 2752 requirantur,

341 2770 466 2842 dicere
501 2771 742 2868 supersedeo.
777 2775 917 2842 Eorum
955 2770 1154 2869 quaedam,
1186 2769 1321 2862 itemqu

341 2890 450 2988 plura
465 2890 509 2961 iis
528 2889 782 2978 adversantia,
807 2913 852 2962 ex
886 2887 1151 2962 observatione
1179 2883 1321 2983 colligere

342 2989 728 3107 quampotissimum,
749 3033 837 3080 cum
855 3010 947 3082 alias
961 3025 1112 3108 possem
1131 3061 1141 3100 ,
1161 3011 1222 3081 hie
1238 2999 1318 3078 dabo.

342 3131 395 3198 Ex
413 3127 542 3200 eadem
559 3108 661 3200 enim
679 3127 791 3197 simul
806 3148 887 3224 quae
899 3140 1088 3200 wstructura
1102 3145 1198 3201 esset
1210 3112 1320 3199 ¹sitinii

235 3242 237 3248 ’
346 3247 385 3316 in
423 3251 601 3318 cancrum
632 3245 918 3343 degenerantis,
944 3247 1130 3344 simulque
1158 3240 1320 3318 confirma·

345 3379 426 3436 turn
463 3363 608 3435 videbis
639 3367 911 3453 contusionem,
938 3369 1085 3462 quaein
1112 3383 1194 3438 cate
1216 3351 1320 3433 nulllus

348 3487 527 3553 momenti
540 3495 648 3570 esset,
662 3505 744 3552 eam
753 3492 796 3552 ut
809 3481 1028 3553 Boerhaavii
1044 3481 1101 3580 (a)
1111 3481 1233 3554 verbis
1247 3489 1319 3551 utar,

348 3605 387 3670 t'n
407 3599 595 3698 glandula
629 3599 912 3697 conglomerata
943 3599 1129 3673 slirrltum
1158 3601 1318 3702 pastina
1363 3617 1365 3750 p

1363 2645 1365 2686 t

397 3763 401 3770 .
568 3759 575 3766 .
1102 3765 1106 3776 .
1278 3759 1319 3785 ,

387 3859 429 3942 (1)
451 3864 489 3920 N.
515 3863 560 3918 16.
1364 3877 1365 3926 t

387 3959 430 4041 (a)
450 3965 584 4020 Praelect.
603 3965 642 4020 ad
657 3965 754 4021 Instit.
768 3971 784 4036 ς
797 3967 866 4042 903.
