2812 4656
313 393 384 470 236
476 419 523 466 nr
549 415 694 467 sturnus
719 377 1179 466 ertcinsts³notuonur2

310 530 505 628 quomodo
518 530 689 604 assiduos
706 528 858 602 dolores
877 543 1004 602 secuta
1020 532 1113 617 sint,
1132 531 1340 629 explicare*

309 673 391 720 non
403 663 458 722 est
470 671 576 747 opus:
588 651 738 720 Praestat
750 673 795 719 ex
806 647 1329 747 illorum,mortisqueipsins

310 769 579 839 consecutione
604 764 919 854 animadvertere,
958 765 1037 837 ubi¹
1055 779 1329 864 aneur‘ysmata

308 884 369 956 vel
387 899 540 958 externa
552 883 698 971 nervis,
711 899 775 956 aut
789 883 986 956 aliisacris
1002 895 1133 956 seusus
1146 884 1329 982 partibus

310 1002 482 1102 proxima
504 1002 597 1089 sint,
616 1001 765 1074 tametsi
787 1023 857 1099 per
880 999 1160 1100 disruptionem
1186 1015 1231 1074 et·
1247 1025 1329 1074 san·

253 1119 256 1128 ‘
310 1121 435 1218 guinis
450 1117 709 1218 profusionem
723 1118 825 1189 illico
839 1141 919 1190 non
930 1117 1123 1208 occidant,
1137 1143 1214 1218 per
1228 1126 1329 1193 acei-

308 1237 485 1309 bissimos
520 1251 646 1308 tamen
685 1237 875 1308 cruciatus
900 1233 1122 1308 interficere
1166 1237 1328 1311 demum

310 1379 431 1454 posse.
452 1354 565 1446 Quod
576 1353 651 1425 tibi.
662 1351 961 1442 confirmabunt,
974 1365 1111 1451 prae'ter
1122 1353 1327 1428 historiam

311 1496 426 1569 quam
439 1497 562 1571 nuper
574 1471 651 1542 vidi
670 1497 692 1543 a
706 1479 894 1546 Guattano
903 1471 1131 1570 (r)editam‚
1149 1473 1327 1546 cumbae

310 1590 488 1662 Valsalvae
505 1588 796 1680 conferendam,
814 1589 986 1688 quaedam
1003 1593 1052 1660 M.
1068 1591 1204 1663 Aureli
1221 1595 1326 1663 Sere

245 1691 251 1702 ¹
311 1707 386 1808 riui
402 1704 459 1804 (2)
479 1708 518 1776 in
533 1731 653 1806 graeco
671 1705 846 1796 homine,
871 1707 964 1778 etin
983 1720 1112 1778 sutore
1145 1707 1328 1780 observa·
1389 1789 1393 1796 ¹

297 1823 443 1900 tiones.
462 1823 534 1894 Sed
547 1837 660 1920 quam
679 1822 739 1895 his
757 1823 966 1920 interjecit,
992 1826 1271 1922 anenrysmatis
1287 1826 1341 1895 iu

310 1940 489 2012 Anselmo
510 1945 661 2039 Pagano
679 1939 972 2038 descriptionem
989 1969 999 2030 ‚¹
1016 1956 1060 2013 ut
1079 1941 1253 2014 libenter
1273 1943 1325 2014 le-

311 2082 390 2157 ges,
404 2060 544 2158 quippe
557 2059 663 2147 sede,
683 2057 960 2157 magnitudine,
977 2058 1226 2154 et·adjunctis
1244 2060 1322 2158 ple-

310 2177 438 2275 risque
465 2178 545 2250 aliis
572 2201 668 2249 cum
707 2201 753 2248 eo
779 2176 900 2274 quod
924 2176 1041 2249 modo
1063 2197 1115 2247 ‘ex
1151 2178 1323 2250 Valsalva

311 2296 548 2393 propositum
578 2310 649 2384 est,
668 2293 935 2392 comparandi3
955 2295 1005 2366 ita
1038 2319 1126 2366 cum
1143 2296 1321 2392 ejusdem

311 2436 432 2510 prope
452 2411 529 2482 dixi
547 2411 810 2484 incredibilem
843 2414 1078 2484 curationem
1107 2413 1321 2512 perpende*-

311 2529 379 2616 ris,
399 2528 595 2601 miraberis
618 2530 843 2627 plurimum,
869 2531 969 2601 inter
999 2531 1241 2628 problemata
1271 2555 1323 2604 su·

311 2667 380 2742 per
401 2643 471 2714 bac
485 2643 533 2716 ab
551 2647 730 2717 severino
747 2647 952 2745 explicata,
972 2651 1206 2748 praecipuum
1224 2648 1321 2720 illud

311 2785 391 2850 non
414 2759 530 2834 fuisse.
546 2762 767 2852 dilucidius,
792 2779 829 2837 et
854 2767 1063 2838 accuratius
1094 2766 1321 2855 enodatum,

310 2880 490 2956 nimirum
499 2881 1321 2981 covmputrefactffidissoluta,dffftactajuxta

310 2999 451 3096 inguen
467 2997 625 3070 cruralis
634 3000 769 3070 arteria
784 3000 979 3097 quomodo
997 3002 1164 3100 potuerit
1176 3001 1321 3074 admoti

308 3115 448 3213 ignisvi
463 3125 551 3188 suos
565 3117 703 3188 iterum
716 3118 878 3213 parietes
889 3141 1133 3216 recuperare,
1153 3133 1195 3190 ut
1214 3135 1319 3193 artus

308 3232 371 3311 ille
392 3256 470 3308 nou
485 3233 610 3305 solum
628 3233 772 3321 vivere,
795 3234 861 3306 sed
883 3258 931 3305 eo
947 3237 1009 3307 vix
1027 3233 1163 3307 humili
1180 3235 1318 3308 baculo

310 3351 588 3447 aliquantulum
607 3351 741 3440 nixus,
763 3366 890 3424 rectus
907 3352 1084 3426 incedere
1113 3353 1232 3427 bomo
1254 3379 1319 3425 va·

310 3467 431 3539 luerit.

362 3582 416 3656 13.
446 3587 502 3654 De
523 3582 603 3654 aliis
627 3585 846 3657 tumoribus
864 3587 931 3682 qui
957 3585 1132 3658 adbauc
1163 3585 1316 3686 quidem

346 3864 390 3942 (ι)
410 3865 487 3922 Hist.
506 3885 541 3939 a,
554 3883 723 3943 aueurysm.
737 3867 807 3940 hist.
824 3888 851 3926 2.
880 3887 893 3895 '¹

345 3963 389 4042 (a)
409 3966 455 4022 De
471 3968 593 4025 retond.
606 3967 843 4027 abscesserint
860 3976 894 4038 4:
909 3988 935 4027 c.
945 3979 977 4041 l7.
1025 4003 1029 4013 ·
