2946 4662
191 468 260 516 rna.
276 468 324 514 ιν.
341 467 388 516 ua
402 461 538 518 moeurs
551 467 750 534 caraune„
767 460 835 518 etc.
854 471 966 518 nersr.
985 473 1048 521 nu.
1075 449 1147 548 493

144 583 251 634 casus
263 574 361 634 extat
375 561 477 660 apud
490 560 693 635 Hildanum
708 562 771 660 (ι).
792 567 955 636 Eventus
973 589 1150 664 quoque,

144 679 215 750 Dei
233 677 439 766 bebelium,
458 680 668 753 simillimus
681 678 760 752 fuit.
777 685 827 753 Ut
845 683 947 754 enim
963 684 1055 756 meis
1068 687 1148 782 ipse

59 887 69 898 ἱ
143 794 322 886 auribus,
352 821 443 870 cum
461 794 558 870 forte
574 799 741 870 Venetiis
763 821 908 886 essem,
933 800 1150 899 insequenti
1227 841 1231 848 ·

144 938 246 986 anno
264 915 412 1004 audivi,
428 913 533 988 nullo
561 915 699 1006 modo,
721 931 765 988 ut
783 923 872 1016 ipsis
894 917 1056 989 Hildoni
1071 943 1149 992 ver-

145 1031 201 1104 bis
218 1047 306 1103 utor
321 1032 530 1132 depravata
556 1047 635 1105 erat
657 1033 833 1132 loquela,
867 1033 1011 1133 fuitque
1038 1038 1149 1109 etiam

143 1149 271 1248 quoad
290 1152 396 1240 vixit,
419 1151 542 1224 donec
560 1139 735 1224 videlicet
751 1153 1074 1250 perniciosissima
1091 1179 1149 1226 va·

141 1266 244 1340 riolae
275 1270 557 1344 interemerunt.
591 1273 636 1340 Et
669 1269 774 1368 quod
806 1269 1003 1344 miraberis
1036 1274 1148 1344 etiam

143 1387 279 1484 magis,
296 1389 365 1458 etsi
379 1401 480 1458 recte
498 1386 747 1486 expediteque
762 1387 999 1485 loqueretur;
1014 1389 1149 1488 lingue

141 1518 268 1575 tamen
284 1529 334 1576 eae
354 1520 479 1602 partes
501 1531 583 1602 quae
596 1506 753 1577 vulnere
770 1505 964 1602 disjunctae
983 1504 1146 1598 fueraut,

142 1646 229 1694 cum
245 1646 348 1694 suam
362 1623 516 1723 singula
532 1623 743 1696 cicatricem
757 1623 967 1713 duxissent,
978 1649 1055 1696 non
1066 1649 1148 1702 eoa-

140 1739 291 1812 luerant
308 1743 407 1812 inter
419 1765 476 1812 se:
491 1744 617 1839 itaque
636 1744 802 1813 anterior
815 1743 877 1814 illa
889 1741 977 1841 non}
985 1768 1091 1817 secus
1104 1767 1147 1818 ac

141 1858 264 1930 statim
280 1857 489 1947 avulnere‚
510 1859 677 1954 sejuncta
690 1861 905 1949 etiamtum,
924 1884 967 1930 ac
982 1860 1148 1958 pendula

143 1974 457 2072 conspiciebatur.
484 1979 673 2051 Hactenus
698 1976 745 2047 de
766 1977 896 2074 capitis
916 1977 1145 2051 vulneribus.

141 2090 247 2164 Vale.
269 2089 316 2188 C)

182 2408 227 2488 (ι)
247 2411 332 2468 Cent.
351 2413 461 2484 1,0bs.
475 2408 549 2469 ebir.
568 2411 613 2468 28·

182 2508 242 2588 (*)
264 2513 438 2570 Numerosis
466 2511 725 2569 observationibus
752 2529 824 2584 quas
855 2506 888 2564 in
914 2511 1149 2585 praecedentibus

142 2611 285 2688 Epistolis
299 2613 427 2688 protulit
440 2615 624 2690 Morgagnus
641 2611 677 2668 de
695 2609 870 2666 vulneribus
889 2621 919 2666 et
941 2609 1049 2667 ictibus
1066 2613 1151 2687 capi-

142 2711 197 2782 tis,
217 2711 351 2787 quaedam
372 2712 515 2770 addemus
531 2713 569 2771 de
589 2713 722 2770 fractura
736 2709 830 2767 cranii
854 2710 887 2766 in
908 2711 1016 2785 puellis
1029 2729 1151 2769 nascen-

147 2811 238 2868 tibus.

185 2912 311 2982 Quando
325 2914 446 2988 pelveos
465 2909 575 2968 ostium
596 2911 799 2981 abdominale,
820 2929 872 2967 seu
885 2910 1026 2967 introitus
1040 2928 1150 2988 angus-

144 3021 228 3066 tatur
239 3012 446 3086 promontorio
459 3011 534 3068 ossis
546 3011 639 3082 sacri,
655 3029 771 3086 semper
786 3012 854 3086 plus
871 3010 1006 3066 minusve
1020 2991 1158 3068 difficul-⁴

144 3123 190 3168 ter
199 3123 300 3187 partus
317 3113 498 3182 absolvitur,
512 3123 541 3169 et
554 3101 742 3168 solummodo
751 3120 822 3186 post
835 3110 974 3186 repetitas
988 3110 1067 3166 uteri
1079 3129 1151 3167 con·

143 3211 323 3283 vectiones,
346 3223 416 3288 post
427 3212 544 3269 validos
557 3211 660 3267 matris
678 3208 963 3289 nisusjobstaculum
975 3221 1151 3285 superatur,

145 3322 176 3368 et
194 3323 283 3387 caput
295 3313 388 3386 puelli
403 3312 436 3368 in
448 3311 671 3368 excasationem
682 3313 817 3387 pelveam
828 3311 949 3382 trausit;
964 3310 1017 3368 sed
1029 3310 1060 3366 in
1070 3311 1154 3367 bisce

146 3410 264 3468 casibus
273 3411 367 3485 ,parti
379 3411 484 3486 capitis
499 3431 563 3488 qua
573 3411 774 3487 respondebat
787 3410 994 3486 prominentia
1008 3411 1099 3482 sacri,
1111 3410 1156 3467 in-

56 3571 59 3576 ,
145 3511 266 3566 venitur
282 3510 434 3585 depressio
446 3512 512 3586 plus
519 3511 654 3568 minusve
668 3512 729 3568 lata
739 3521 768 3567 et
780 3510 948 3586 profunda,
959 3530 1027 3568 cum
1040 3508 1152 3566 lissuris

144 3613 179 3667 in
192 3610 267 3667 facie
280 3611 398 3666 interna
410 3611 485 3666 ossis
499 3613 665 3686 punctalis,
678 3631 744 3688 quae
753 3631 771 3667 a
787 3624 890 3669 centro
902 3611 1101 3688 depressionis
1113 3610 1153 3666 ad

148 3709 416 3768 circumferentiam
425 3711 570 3768 feruntur.
579 3713 661 3769 Alias
673 3713 757 3788 adest
765 3731 836 3770 vera
849 3725 879 3769 et
890 3715 1037 3788 completa
1047 3711 1078 3766 in
1090 3727 1156 3767 osse

147 3820 275 3885 ruptura
286 3809 510 3887 longitudinalis
525 3825 577 3868 aut
591 3813 726 3888 obliqua,
741 3811 825 3886 cujus
838 3812 1004 3889 fragmenta
1018 3812 1086 3886 plus
1099 3809 1157 3866 mi-

148 3929 244 3967 nusve
256 3909 413 3966 dehiscunt
425 3921 455 3966 et
466 3909 686 3986 deprimuntur.

191 4011 242 4066 Hae
255 4009 349 4067 cranii
364 4021 392 4066 et
406 4008 521 4066 cerebri
532 4011 680 4084 laesiones,
694 4029 760 4088 quae
771 4012 803 4068 in
817 4013 920 4070 adulto
933 4027 1050 4088 semper
1059 4019 1088 4066 et
1100 4007 1160 4068 cito
