2854 4660
182 471 251 518 arn.
268 471 316 518 rv.
336 471 382 517 nr
398 469 534 518 nonius
548 468 749 532 aurnuns„
769 463 964 520 etcurrsr.
985 473 1016 518 u.
1045 447 1118 521 325⁴

104 583 256 682 planta,
284 582 349 654 sed
364 581 467 680 quod
482 585 531 654 ait
549 588 677 655 Festus
689 582 766 680 (ι),
789 586 856 654 sub
872 589 1025 654 minimo
1039 609 1117 682 pe«

106 701 174 772 dis
195 700 333 796 digito,
353 700 431 770 imo
455 705 551 770 inter
565 699 702 797 digitos
726 699 869 798 pedum
897 691 1123 773 nascebatur

107 833 156 889 ut
179 818 378 914 scripserat
397 817 518 912 major
529 817 691 904 Plinius,
711 818 850 914 pariter
861 817 908 888 ab
921 817 1121 890 Lochnero

109 933 307 1021 laudatus,
324 932 426 1016 libro¹
444 932 597 1030 quidem
620 933 685 1021 26,
703 933 767 1006 sed
791 935 910 1032 capite
934 960 971 1021 t,
996 935 1043 1007 de
1061 961 1124 1034 ge·
1224 1032 1227 1037 .

108 1075 242 1121 mursa
265 1051 445 1148 loquens,
468 1064 510 1120 ut
537 1049 583 1120 de
600 1050 736 1121 morbo
761 1051 938 1122 celeriter
955 1058 992 1122 in
1006 1052 1124 1123 Italia

110 1172 285 1238 restincto
306 1167 382 1262 jam
403 1166 515 1254 olim,
531 1181 574 1236 ut
592 1171 705 1236 etiom
722 1191 856 1236 nomon
878 1182 974 1240 esset
997 1166 1126 1240 oblite·

112 1299 248 1354 ratum.
262 1285 352 1374 Quae
367 1284 493 1354 omnia
513 1265 674 1381 erempli
695 1307 805 1355 causa
822 1309 1121 1359 commemorare

112 1399 244 1489 volui3
269 1389 349 1472 non
378 1399 484 1498 quod
514 1402 673 1472 minoris
706 1401 816 1471 Plinii
840 1425 918 1472 aevo
948 1417 1004 1473 tot
1028 1401 1123 1472 clavi

114 1513 406 1615 significationes
431 1515 544 1589 fuisse
565 1517 666 1616 apud
692 1517 877 1607 medicos,
897 1543 976 1588 non
1007 1517 1123 1588 modo

115 1633 218 1732 apud
232 1649 384 1706 caeteros
402 1633 553 1706 credam
569 1661 578 1723 ;
595 1649 637 1706 ut
654 1649 754 1706 certe
772 1648 851 1706 erat
865 1634 967 1735 apud
991 1659 1127 1707 omnes

116 1751 182 1822 illa
215 1775 290 1848 qua
316 1767 518 1850 propterea
544 1753 666 1850 ipsum
708 1777 862 1850 quoque
896 1777 1007 1826 usum
1043 1743 1127 1824 esse

118 1868 292 1965 conjicio.
312 1873 365 1940 Ex
387 1894 488 1966 quo,
516 1883 621 1942 etex
646 1869 764 1940 verbo
795 1871 906 1943 etiam
941 1895 1124 1968 quorem

118 1987 353 2074 enunciavit,
374 1999 506 2076 notus,
529 1985 632 2057 haud
651 1988 913 2068 ita'omnium,
934 2001 977 2058 ut
990 1987 1125 2083 hujus-

117 2101 268 2174 cemodi
297 2101 540 2190 morborum,
560 2105 740 2200 proprio,
773 2102 868 2200 illud
888 2103 999 2174 simul
1017 2098 1126 2175 iutel-

119 2221 230 2318 ligeS,
244 2244 311 2291 cur
326 2221 366 2289 in
390 2221 613 2291 sententiam
631 2223 710 2291 uon
729 2221 879 2308 iverim,
909 2233 950 2291 ut
964 2221 1054 2291 alias
1075 2217 1128 2289 la-

121 2361 207 2409 cere
224 2337 355 2409 solitus
372 2359 474 2425 sum,
491 2335 629 2408 medici
648 2336 801 2408 alterius
818 2336 1041 2425 doctissimi,
1060 2337 1128 2432 qui

122 2453 303 2552 singulari
335 2453 513 2551 epistola,
539 2435 648 2525 annis
681 2452 940 2550 superioribus
974 2451 1021 2524 de
1052 2451 1129 2524 Silii

42 2631 48 2640 .
125 2572 231 2644 clavo
256 2572 369 2661 edita,
384 2569 495 2643 luisse
523 2570 627 2652 hunc
654 2586 781 2643 censet
801 2571 931 2670 capitis
958 2570 1140 2641 dolorem¹

125 2689 256 2776 illum,
273 2713 386 2786 quem
411 2689 505 2760 clavi
521 2689 675 2759 nomine
695 2703 824 2759 tamen
842 2702 1018 2760 vocatum
1043 2701 1129 2758 ante

126 2807 325 2878 Valescum
342 2805 388 2876 dc
406 2809 586 2894 Taranta,
606 2806 645 2876 id
665 2820 718 2880 est
744 2821 828 2877 ante
854 2805 1022 2878 seculum
1034 2805 1130 2892 XIV,

130 2949 167 2997 se
186 2924 354 2995 invenire
369 2947 447 2994 nou
466 2923 632 3020 potuisse
652 2947 728 3021 pro
740 2943 805 2995 su‘a
831 2921 1010 2994 laudabili
1032 2923 1134 3018 iuge·

128 3041 269 3113 nuitate
286 3037 431 3111 latetur.
448 3040 549 3110 Vale.

129 3230 1122 3258 mm

172 3356 213 3442 (ι)
236 3361 280 3416 Dc
294 3360 413 3416 verbor.
431 3333 556 3438 signific.
570 3359 590 3414 l.
606 3377 635 3430 7.
