2854 4660
272 417 342 488 312
436 440 482 486 nr
509 437 655 484 sumnus
679 439 723 484 rr
748 437 873 486 causis
898 437 1108 486 nonronuu
1168 459 1171 466 ·

271 553 319 624 ab
332 553 393 622 lue
405 575 564 622 venerea
583 549 657 620 hoc
676 552 744 638 sit,
759 550 1081 648 quemadmodum
1101 553 1141 622 in
1163 549 1280 637 tibiae,

271 673 373 758 imo,
394 683 434 738 ut
454 667 656 738 delineatio
673 668 859 756 ostendit,
885 667 1037 742 femoris
1058 668 1281 742 esseadno

271 783 361 858 tavit
379 785 683 888 Stalpartius(1),
709 787 785 856 sive
798 785 971 875 aliunde,
990 802 1030 858 ut
1044 789 1083 858 in
1103 801 1187 857 toto
1199 810 1281 858 osse

272 903 371 976 tibiae
384 905 528 974 invenit
549 901 749 1000 Bogdanus
774 903 849 1002 (α),
869 928 1018 978 causam
1043 902 1214 976 referens
1238 903 1283 974 ad

275 1047 361 1094 eum
384 1019 561 1091 morbum
577 1045 690 1118 quem
713 1020 854 1094 Arabes
877 1027 1144 1092 Ventositotem
1158 1026 1286 1120 Spinae

276 1139 537 1238 appellarunt,
552 1153 589 1210 et
609 1163 696 1210 sane
709 1163 753 1210 ex
772 1163 818 1210 eo
840 1139 976 1210 morbo
995 1164 1078 1212 ossa
1103 1142 1287 1210 intumes-

277 1283 362 1328 cere
381 1258 619 1328 notissimum
647 1270 721 1342 est,
746 1280 871 1354 neque
894 1257 935 1326 in
957 1257 1116 1328 artubus
1143 1256 1287 1342 solum,

278 1371 399 1448 sedet
418 1373 530 1460 alibi,
559 1391 599 1446 ut
620 1376 818 1445 Severinus
834 1374 888 1471 (3)
914 1373 1128 1460 adnotavit,
1149 1387 1187 1444 et
1211 1375 1287 1445 sin-

249 1525 253 1538 ·
280 1492 401 1590 gulari
421 1490 593 1587 exemplo
619 1492 658 1562 in
676 1493 825 1562 maxilla
850 1491 1027 1566 inferiore
1049 1489 1288 1564 confirmavit

280 1634 405 1706 nuper
427 1609 470 1680 cl.
495 1608 791 1680 Kaltuhmiedius
812 1609 877 1706 (Δ).
905 1614 1026 1700 Quam
1058 1635 1152 1682 vero
1182 1607 1289 1680 diffe-

280 1742 367 1797 rant
384 1725 425 1796 hi
452 1728 548 1798 ossei
568 1742 735 1816 tumores
754 1729 852 1798 inter
875 1753 933 1814 se,
964 1727 1029 1798 ubi
1049 1742 1114 1798 aut
1141 1725 1294 1798 cellula·

196 1915 201 1924 ,
282 1869 368 1914 rum
392 1867 485 1941 quas
511 1843 864 1942 comprehendunt,
894 1845 1033 1916 variam
1066 1842 1292 1940 magnitudi-

224 2041 226 2044 .
282 1986 388 2050 nem,
409 1977 474 2034 aut
492 1963 654 2050 variam,
673 1987 764 2060 ,quae
797 1961 856 2034 his
882 1963 1099 2032 continetur
1128 1960 1288 2045 celluliS,

282 2083 475 2151 materiam
497 2096 728 2178 spectemuS,
747 2080 911 2151 indicare
927 2094 1086 2178 possunt
1108 2103 1197 2150 cum
1215 2077 1290 2148 aliae

285 2197 586 2285 observationes,
610 2213 691 2270 tum
718 2199 923 2296 praesertim
954 2222 1036 2294 quae
1064 2198 1104 2268 in
1134 2197 1319 2267 laudata

240 2397 242 2400 ,
286 2317 492 2388 Academiae
515 2317 676 2387 Historia
700 2313 774 2412 (5),
796 2331 832 2386 et
852 2315 1138 2408 Commentariis
1166 2314 1223 2410 (6)
1244 2315 1292 2386 le·

276 2450 452 2532 -guntur,
474 2450 515 2506 ut
534 2436 664 2532 Farcyi
690 2435 730 2506 in
760 2435 954 2532 superiore
972 2432 1071 2504 tibiae
1095 2447 1223 2528 parte,
1255 2448 1293 2502 ut

287 2554 407 2648 Meryi
436 2554 475 2622 in
501 2550 653 2652 femoris
683 2550 923 2655 processibus
956 2547 1221 2636 inferioribus,
1255 2562 1294 2618 ut

289 2669 457 2764 ejusdem
486 2671 525 2740 in
556 2694 690 2742 manus
725 2667 860 2768 digitis·
902 2671 1086 2738 Caeterum
1113 2665 1173 2736 vel
1209 2689 1294 2738 cum

290 2801 479 2858 exostoses
503 2786 598 2857 nihil
623 2789 819 2858 continent
844 2784 949 2882 quod
974 2783 1139 2854 alienum
1160 2783 1208 2854 ab
1229 2808 1293 2854 na-

289 2919 373 2975 tura
394 2907 531 2977 ossium
557 2907 624 2993 sit,
646 2905 808 3002 ideoque
833 2919 964 3001 aptum
988 2899 1035 2972 ad
1061 2901 1229 2985 cariem,
1250 2899 1294 2970 ad

290 3023 463 3113 dolores,
480 3023 527 3096 ad
546 3025 672 3095 ulcera
691 3021 872 3110 creanda;
893 3021 971 3117 ipsa
991 3034 1118 3090 tamen
1137 3017 1293 3088 extube-

289 3146 408 3220 rantia
425 3145 630 3244 praesertim
654 3167 736 3240 quae
755 3163 896 3237 magnae
916 3137 963 3208 ad
983 3135 1164 3206 'articulos
1189 3147 1294 3221 sunt,

287 3344 1281 3380 ..----------—--—----

393 3497 477 3552 Ceut.
496 3506 607 3568 poster.
623 3513 700 3568 p.
671 3512 682 3547 1
714 3492 778 3548 obs.
794 3487 961 3561 44,ettab.
978 3494 1033 3558 14,
1050 3483 1098 3559 fig.
1116 3503 1128 3539 1
1147 3493 1216 3539 eta,

355 3595 464 3652 obs
480 3605 558 3650 anat.
576 3589 650 3650 chir.
667 3610 713 3648 12.

390 3694 568 3751 Derecond.
582 3694 661 3748 absc.
676 3702 737 3747 nat.
752 3691 772 3744 l.
787 3687 821 3760 ὃ,
838 3709 863 3744 c.
883 3687 929 3742 16.

360 3795 372 3842 l

252 3953 254 3960 .
360 3903 448 3978 l·

234 4034 241 4047 ·
326 3999 371 4077 (6)
392 4002 447 4054 An.
466 3993 540 4068 1706
559 4004 587 4049 et
606 4010 691 4063 17²0
