2946 4662
335 432 407 514 [123
498 459 543 504 ne
569 456 716 504 suemus
740 458 784 502 ar
809 455 934 502 causrs
959 455 1168 502 moruorum

338 595 440 640 mam
457 586 627 644 octavam
639 596 665 642 a
684 571 835 642 laesione
846 573 1096 664 septimanam
1112 567 1212 637 idem
1237 563 1344 661 quod

342 687 834 785 Falloppius,sepraestisse,
854 687 1050 759 nominato
1065 681 1346 772 bominc,indi-

344 805 509 901 cutisque
538 806 639 892 loco,
664 821 702 876 et
720 819 910 901 tempore,
929 800 1174 874 confirmavit.
1192 806 1348 872 Factum

343 936 398 992 est
407 922 521 1017 igitur
532 923 572 992 in
591 921 665 992 hoc
681 922 818 1016 juvene
834 920 938 1017 quod
955 917 1038 991 fieri
1051 919 1184 1017 potuit.
1198 917 1270 988 Sed
1282 915 1350 988 illa

344 1037 396 1108 ob
409 1064 522 1137 quam
543 1038 737 1110 historiam
746 1037 844 1109 hanc
855 1037 1055 1135 proposui,
1068 1031 1350 1122 cau'saobstitit,

346 1180 394 1226 ne
411 1154 498 1226 felix
510 1171 666 1228 eventus
681 1154 941 1252 responderet.

400 1297 453 1369 17.
467 1276 589 1370 Atque
607 1277 752 1344 utinam
774 1295 850 1344 una
869 1271 948 1342 haec
966 1285 1062 1344 esset
1078 1269 1253 1358 historia,
1275 1292 1351 1340 nec

348 1389 474 1485 plures
484 1389 584 1488 apud
598 1391 691 1462 alios
703 1405 910 1476 exstarent,
924 1387 1038 1482 hujus
1049 1412 1127 1457 non
1137 1385 1350 1460 dissimiles.

347 1511 455 1596 Quae,
469 1523 505 1580 et
512 1523 569 1578 tot
580 1509 753 1605 insuper,
766 1507 844 1578 aliae
858 1506 908 1578 ob
918 1505 1008 1578 alias
1023 1529 1168 1584 causas,
1178 1503 1352 1574 inutilem

348 1625 503 1720 pariter,
515 1650 639 1722 neque
655 1628 705 1696 ita
720 1649 827 1712 rar0,
844 1649 953 1696 usum
973 1621 1129 1694 terebrae
1153 1619 1354 1692 ostenden·

349 1756 420 1830 tes,
451 1738 621 1814 fecerunt
649 1757 797 1814 utnon
825 1740 945 1814 solum
971 1742 1070 1812 inter
1093 1753 1254 1826 veteres,
1284 1737 1353 1810 sed

351 1860 447 1930 inter
482 1861 710 1932 recentiores
726 1861 859 1945 etiam,
895 1858 1031 1928 medici
1055 1883 1133 1928 non
1166 1856 1354 1955 ignobiles

351 1973 508 2078 suerint,
532 1979 599 2074 qui
616 1978 718 2048 illam
727 1983 878 2068 flustra
902 2000 1021 2072 saepe,
1055 1977 1132 2044 imo
1154 1979 1357 2072 saepissime

338 2096 600 2184 frustraneam
617 2118 697 2166 esse
713 2095 954 2192 scripserunt.
976 2096 1117 2164 Verum
1133 2107 1355 2164 terruerunt

351 2214 467 2309 magis
480 2215 547 2308 qui
564 2228 600 2283 ct
617 2212 707 2282 olim
721 2237 798 2284 noa
809 2211 995 2282 modicum
1007 2210 1054 2281 ab
1073 2235 1115 2281 ea
1124 2209 1353 2307 periculam,

352 2346 416 2401 aut
431 2336 565 2402 certius
576 2354 655 2401 esse
663 2328 890 2427 periculam,
909 2344 1247 2425 etnostroquoque
1264 2343 1358 2398 tern-

353 2472 445 2544 pore
472 2471 548 2559 noa
570 2449 709 2544 absque
732 2452 840 2544 gravi
855 2444 1027 2546 periculo
1056 2452 1222 2518 exerceri
1242 2469 1358 2542 posse

353 2564 666 2653 terebrationem,
683 2579 951 2637 asseverarunt.
965 2567 1065 2635 Num
1079 2589 1185 2651 vero,
1212 2564 1358 2660 inquis,

353 2697 445 2753 tunc
459 2683 568 2754 etiam
581 2708 666 2754 curn
681 2682 728 2754 ab
739 2682 938 2754 excellenti
950 2681 1129 2781 chirurgo
1139 2683 1356 2756 exercetur?

353 2804 462 2870 Certe
480 2802 545 2896 qui
569 2801 617 2871 ad
643 2800 881 2872 Ptolemaeum
909 2799 1017 2870 illurn
1043 2800 1189 2897 AEgypti
1215 2803 1358 2896 Regem

353 2923 390 2984 ia
408 2931 523 3014 caput
535 2924 699 3014 graviter
713 2917 975 3008 vulneratum,
995 2917 1042 2990 de
1057 2935 1140 3014 quo'
1151 2918 1192 2988 in
1206 2921 1245 2986 T.
1261 2917 1358 2988 Livii

354 3037 524 3130 Epitome
538 3038 570 3132 (r
580 3059 593 3130 J
610 3033 652 3108 fit
670 3037 836 3122 mentio,
860 3037 1029 3108 accersiti
1049 3050 1155 3122 sunt,
1180 3059 1258 3106 non
1280 3037 1360 3108 vul·

355 3175 461 3248 gares
489 3153 656 3226 medicos
693 3151 804 3226 fuisse
832 3152 1011 3242 credibile
1033 3167 1096 3224 est.
1126 3156 1204 3222 Rex
1231 3167 1360 3224 tamen

357 3275 452 3340 inter
481 3276 735 3354 curationem,
769 3270 859 3342 dam
891 3293 976 3340 ossa
1000 3269 1136 3370 medici
1171 3271 1359 3340 terebrare
1466 3305 1467 3310 ¹

356 3387 810 3486 contendunt,expiravit.
835 3388 927 3477 Quis
946 3411 1037 3460 vero
1057 3411 1170 3484 quam
1180 3401 1360 3484 praestans

356 3503 540 3593 medicus,
552 3521 588 3576 et
601 3506 799 3603 chirurgus
809 3504 1022 3601 Falloppius
1038 3502 1167 3593 fuerit,
1184 3507 1363 3602 ignorat?

278 3679 289 3709 ,
354 3625 436 3716 Ipse
454 3636 578 3692 tamen
598 3647 640 3692 ea
660 3622 820 3718 simplici
842 3623 982 3695 erroris
1010 3619 1245 3694 confessione
1276 3648 1363 3720 quae

395 3995 438 4073 (1)
458 3998 492 4054 r.
511 3993 558 4054 52.
