2784 5088
268 383 340 480 h76
432 409 477 453 ur.
504 407 651 456 sumnus
675 384 719 454 r'r
744 405 868 454 crusis
893 404 1101 454 monacnum

273 521 386 592 costis
402 520 547 617 aliquot
560 545 605 592 ex
618 521 875 618 superioribus
890 520 990 592 hand
1009 520 1148 618 procul
1164 544 1185 591 a
1205 520 1267 618 spi·

270 663 319 708 na
338 640 388 709 ita
414 637 628 735 perhactis,
654 653 697 710 ut
719 639 918 736 iuaequalia
939 663 1067 718 earum
1090 654 1267 719 extrema,

270 771 420 854 pertusa
438 755 589 853 pleura,
606 757 704 827 intra
720 756 911 828 thoracem
932 757 1198 854 prominerent
1211 751 1269 825 ali·
1363 777 1364 808 l

271 889 467 972 quantum.
490 879 653 971 Eratque
673 874 719 944 ad
740 899 801 963 ea,
817 890 854 946 et
872 877 1015 946 circum
1036 899 1079 945 ea
1096 875 1184 944 loca
1201 897 1271 943 am·
1363 859 1364 864 ἵ

274 991 336 1088 pla
365 991 551 1088 sugillatio
578 1017 598 1062 a
619 993 801 1090 sanguine
822 991 892 1066 sub
907 991 1045 1090 'pleura
1070 1003 1271 1089 stagnante.
1363 1019 1364 1058 t

273 1108 458 1184 Revoluto
475 1125 598 1182 autem
614 1112 654 1181 in
671 1125 841 1184 ventrem
856 1109 1054 1196 cadavere,
1072 1107 1272 1204 ablatisque

277 1224 589 1316 dorsimusculis,
613 1229 691 1298 non
711 1228 827 1299 modo
847 1228 1089 1326 sanguinem,
1114 1226 1184 1322 qui
1214 1222 1274 1304 sub

277 1340 337 1414 his
353 1345 512 1442 pariter,
535 1331 613 1415 imo
631 1346 765 1442 majori
777 1346 972 1442 aliquanto
989 1345 1121 1441 copia,
1142 1359 1277 1440 stagna·

278 1475 398 1547 verat,
419 1461 465 1533 ad
493 1477 613 1535 costas
640 1463 789 1536 easdem
808 1461 973 1549 ostendi,
993 1461 1058 1532 sed
1088 1476 1128 1532 et
1150 1485 1228 1531 rem
1244 1460 1275 1528 in

279 1581 408 1674 coqui
425 1579 561 1652 cadens
575 1605 617 1653 os
630 1579 763 1653 frontis
786 1579 969 1679 fregerat,
988 1579 1190 1650 intellectu
1210 1601 1277 1648 non

264 1687 514 1792 perfacilem,
525 1700 704 1770 nimirum
715 1715 848 1798 praeter
858 1713 996 1785 costam
1007 1722 1070 1768 sex
1082 1697 1191 1768 dorsi
1207 1705 1275 1765 ve'r·

280 1810 403 1884 tebras
422 1839 466 1884 ex
481 1815 738 1912 superioribus
758 1817 812 1896 ,ita
832 1813 985 1902 fractas,
1002 1829 1043 1884 ut
1061 1839 1198 1885 earum
1211 1835 1276 1882 nou

282 1953 395 2026 parva
424 1929 542 2003 frusta
572 1932 619 2004 ab
655 1933 788 2004 iisdem
816 1933 967 2031 penitus
1002 1948 1130 2003 essent
1161 1931 1275 2002 divisa.

281 2047 352 2118 Sed
370 2048 416 2120 de
434 2073 474 2120 re
493 2049 565 2120 hac
581 2050 672 2147 quid
696 2052 915 2149 conjiciam,
941 2048 1038 2120 infra
1058 2051 1115 2145 (r)
1133 2048 1275 2120 videbis.

281 2168 391 2238 Nunc
410 2192 454 2236 ex
473 2167 732 2240 vertebrarum
746 2169 959 2257 illarum,et
971 2167 1074 2265 quod
1093 2167 1279 2262 consequi-

282 2299 364 2372 tur,
379 2309 422 2356 ex
436 2286 609 2358 medullae
627 2287 779 2359 inclusae
797 2301 900 2358 tanta
918 2286 1067 2358 laesione
1081 2309 1155 2356 cur
1169 2305 1277 2356 excre-

195 2443 228 2480 ,ν
283 2417 410 2472 menta
433 2405 588 2474 retineri
613 2428 691 2474 non
718 2406 927 2502 potuerint,
952 2403 1065 2476 vides·
1085 2407 1134 2472 In
1162 2415 1279 2472 ventre

284 2518 379 2588 nihil
398 2519 568 2592 humoris
586 2519 711 2610 effusi,
727 2520 899 2620 nihilque
916 2537 1051 2619 praeter
1062 2536 1238 2592 naturam
1249 2541 1279 2588 se

284 2633 430 2706 hahens
452 2638 685 2726 invenimus,
720 2641 749 2710 si
773 2640 953 2735 jecinoris
979 2640 1207 2735 particulam
1226 2636 1280 2706 ali·

286 2774 399 2847 quam
425 2755 586 2851 excipias
619 2754 858 2853 subnigram,
889 2757 1055 2852 itemque
1088 2756 1132 2826 in
1169 2761 1279 2827 scroto

181 2934 182 2942 ,
285 2868 528 2964 hydrocelem
551 2875 753 2971 geminam:
789 2859 902 2968 cujus¹
927 2883 1015 2943 cum
1035 2872 1105 2943 tibi
1130 2869 1280 2966 alias(a)

284 2986 576 3086 descriptionem
597 2991 779 3077 miserim,
795 2989 952 3060 hicnon
973 3005 1127 3087 oportet
1146 2992 1276 3062 iterare.

284 3107 396 3188 Etvir
407 3107 560 3204 quidem
572 3109 622 3178 ita
640 3107 829 3180 sehabuit.

335 3222 390 3295 35.
402 3227 554 3296 Juvenis
564 3242 687 3296 autem
701 3247 821 3296 annos
837 3239 948 3295 natus
958 3223 1092 3322 viginti
1106 3229 1278 3320 quatuor,

284 3352 453 3426 torosus,
471 3357 550 3412 arte
568 3341 753 3429 lanarius,
774 3367 859 3412 cum
882 3367 927 3413 ex
947 3341 1022 3411 alto
1035 3341 1181 3436 pariter
1197 3337 1279 3412 ceci-

204 3555 206 3558 v
286 3455 420 3542 disset,
435 3459 655 3530 intrahoras
672 3461 812 3560 pariter
829 3483 949 3530 acasu
964 3473 1130 3554 quatuor
1140 3457 1277 3528 interiit.

262 3567 353 3644 ¹Hic
377 3589 501 3646 tamen
531 3600 616 3646 cum
646 3579 813 3675 primum
841 3577 888 3665 ad
913 3577 1060 3674 lapsum
1091 3595 1278 3646 accursum

278 3735 1277 3774 Ἣ

328 3858 371 3937 ῃ)
391 3861 429 3916 Ν.
453 3859 500 3916 36.

328 3955 370 4034 (a)
392 3959 486 4035 Epist.
505 3959 555 4031 43,
575 3979 606 4016 n.
621 3959 669 4017 25.
