2828 4652
557 299 574 364 Ι

357 399 359 406 .
898 403 907 442 ⁸
1025 443 1029 456 ⁴

318 451 384 524 188
479 473 525 520 on
552 470 698 519 scurrus
724 471 767 516 nr
793 469 918 517 causis
945 465 1156 518 nonnosum

225 569 228 576 ¹
310 585 620 674 uxor,mediocri
636 599 777 656 statura
802 583 956 674 mulier,
981 597 1244 682 temperatura
1267 609 1328 656 au·

309 719 385 778 tem
396 705 622 802 sanguinea,
641 718 683 773 ut
701 725 786 772 cum
806 725 949 773 annum
976 703 1102 800 agenti
1130 701 1326 773 decimum

310 823 463 894 tertium
482 835 675 892 menstrua
693 819 915 917 coepissent,
933 845 1004 892 nec
1026 821 1136 918 copia
1155 819 1326 908 modica,

311 939 460 1028 eadem,
477 939 537 1010 vel
560 937 694 1034 majori
711 935 827 1009 fluere
848 937 1003 1035 singulis
1020 936 1219 1010 mensibus
1248 962 1328 1036 per·

310 1059 499 1144 rexerint,
517 1057 628 1128 etiam
641 1054 793 1126 lactanti
807 1107 817 1141 ‚
832 1069 869 1126 et
891 1051 948 1126 lac
967 1055 1129 1126 multum
1142 1069 1236 1154 post
1253 1057 1326 1154 pri·

310 1201 436 1263 mum,
453 1175 689 1271 alterumque
709 1187 857 1271 partum
868 1227 878 1262 ,
889 1171 949 1245 bis
966 1174 1068 1244 enim
1087 1175 1261 1272 peperit,
1279 1176 1325 1273 gi·

311 1293 463 1391 guenti,
488 1307 569 1363 tum
603 1292 714 1362 etiam
736 1305 868 1388 postea
896 1282 1001 1364 febre
1034 1289 1324 1364 inflammatoria

311 1410 515 1508 quotannis
530 1423 566 1480 et
583 1433 687 1496 vere,
702 1423 739 1480 et
753 1424 958 1497 autumno,
971 1407 1087 1505 idque
1105 1409 1224 1480 annis
1235 1409 1325 1480 duo-

310 1527 432 1599 decim
444 1581 454 1614 ,
466 1526 672 1614 laboranti,
688 1527 835 1598 tametsi
852 1525 987 1598 crebro
1009 1525 1059 1597 ob
1077 1552 1160 1598 eam
1182 1525 1321 1599 febrim

312 1645 460 1744 sanguis
483 1646 714 1733 mitteretur,
736 1645 817 1743 imo‘
838 1645 906 1716 etsi
926 1644 1087 1743 primam
1115 1669 1251 1717 earum
1273 1644 1324 1717 fe·

312 1762 440 1836 brium
468 1777 574 1836 tanta
593 1788 638 1834 ex
663 1777 771 1834 utero
791 1761 1070 1860 haemorrhagia
1098 1765 1323 1861 excepisset,

311 1895 353 1952 ut
363 1880 461 1952 ultra
484 1879 729 1952 undecimum
760 1880 861 1952 diem
889 1879 1120 1978 perdurans,
1145 1905 1321 1979 magnam

309 1999 488 2097 pulsuum
502 1997 759 2072 infirmitatem
779 1995 954 2088 afferret,
982 2021 1097 2095 quam
1110 2013 1147 2070 et
1160 1999 1320 2071 morbus
1394 2079 1395 2100 χ

311 2117 437 2215 regius
455 2132 605 2188 secutus
629 2130 702 2206 est3
732 2131 818 2214 post
848 2115 943 2188 duos
973 2115 1125 2188 tandem
1149 2141 1318 2203 menses,
1394 2111 1395 2194 Ϊ

310 2249 486 2332 promota
524 2235 720 2307 urinarum
754 2239 862 2331 copia
897 2233 1068 2306 solutus:
1101 2233 1181 2306 baec
1209 2237 1320 2333 igitur

311 2352 465 2438 mulier,
486 2353 592 2447 cujus
608 2349 1166 2449 temperaturam,morbosque
1187 2375 1319 2424 omnes
1394 2355 1395 2422 i

309 2484 351 2540 ut
371 2468 440 2539 tibi
463 2468 645 2540 hactenus
663 2471 889 2558 memoravi,
905 2469 955 2540 ita
971 2493 1055 2541 sum
1074 2470 1317 2568 insequentes

276 2597 283 2609 '
310 2587 587 2658 memoraturus
611 2601 767 2686 propter
797 2587 879 2660 illas
904 2609 1032 2660 causas
1054 2594 1163 2684 quas,
1193 2611 1320 2659 narra·

310 2703 413 2774 tione
442 2701 633 2793 absoluta,
663 2704 869 2804 attingam3
907 2729 992 2776 cum
1025 2729 1169 2774 annum
1208 2729 1320 2803 agens

311 2818 647 2918 undetrigesimum
659 2820 705 2892 de
724 2819 873 2895 funesto
890 2822 1070 2893 carissimi
1087 2819 1213 2894 fratris
1231 2847 1317 2896 casu

310 2938 555 3034 improvisum
596 2940 779 3011 nuncium
830 2939 1058 3038 accepisset,}
1088 2941 1319 3039 animoque,

310 3057 387 3127 acri
405 3056 592 3154 alioquin,
608 3073 644 3130 et
664 3057 877 3155 intrepido,
897 3057 1000 3130 illico
1026 3055 1245 3147 defecisset,
1274 3057 1318 3130 ad

311 3197 349 3244 se
363 3173 533 3261 rediens,
553 3174 771 3264 menstrua,
788 3176 828 3245 in
848 3174 988 3272 quibus
1012 3189 1094 3247 tum
1109 3172 1206 3246 forte
1224 3191 1318 3264 erat,

312 3293 512 3364 emansisse
535 3293 818 3382 animadvertit,
841 3292 1024 3391 postridie
1037 3307 1164 3363 autem
1180 3294 1318 3364 iterum

308 3407 418 3497 ridit,
446 3435 525 3480 non
544 3411 667 3508 qualia
687 3425 818 3499 antea,
838 3410 904 3484 sed
921 3435 1027 3509 aquae
1046 3411 1165 3483 instar
1185 3413 1226 3481 in
1248 3435 1319 3509 qua

312 3549 399 3596 caro
420 3551 552 3598 recens
568 3528 644 3599 lota
662 3543 738 3600 est:
760 3528 994 3625 cujusmodi,
1010 3529 1191 3604 insecutis
1213 3528 1320 3602 dein·

314 3666 402 3740 ceps
425 3644 568 3740 aliquot
591 3645 806 3737 mensibus,
835 3648 937 3720 statis
965 3645 1204 3744 temporibus
1233 3671 1314 3744 pro

312 3759 426 3833 diere.
448 3763 706 3854 Quamobrem
731 3765 867 3837 missus
899 3781 954 3837 est
984 3766 1151 3862 sanguis,
1174 3788 1247 3836 nec
1267 3788 1322 3836 se·

313 3879 408 3969 mel,
434 3907 521 3951 mox
545 3899 669 3954 autem
705 3886 836 3982 saepius
866 3884 906 3954 in
934 3883 1150 3982 gravissima
1189 3883 1321 3954 oborta

313 3991 428 4088 febri,
445 4025 525 4098 quae
542 3998 679 4074 sudore
696 3997 802 4076 finita
819 4015 884 4076 est.
911 4005 1054 4078 Verum
1071 4015 1159 4107 post
1175 3999 1256 4076 haec
1274 3996 1320 4072 ad
