2854 4660
227 535 231 540 Α
299 444 370 536 346
457 473 503 516 ma
530 471 676 518 sturnus
702 471 745 516 er
770 470 895 516 eurisis
920 471 1134 518 monacnum

298 586 392 657 culis
404 586 572 656 coerceri
590 583 783 673 debuerit,
803 585 957 656 vivendi
970 583 1085 656 finem
1099 585 1201 658 iecit.
1221 591 1311 658 inte·

297 705 485 802 gumentis
523 704 792 776 communibus
818 707 918 776 circa
955 706 1096 776 vulnus
1127 705 1312 788 dissectis,

297 823 416 892 multa
436 821 525 892 buic
543 823 783 918 circumjecta
804 823 952 894 saniosa
976 823 1133 894 materia
1159 825 1312 894 inventa

297 955 372 1028 est,
391 963 474 1037 quae
485 941 549 1012 ubi
567 937 671 1012 frons
685 939 932 1029 intumuerat,
956 941 1003 1012 ad
1018 942 1177 1012 oculum
1193 965 1312 1038 usque

299 1057 583 1130 extendebatur.
604 1063 656 1132 Os
674 1075 797 1130 autem
818 1083 839 1129 a
858 1061 1050 1131 sauciante
1065 1057 1169 1131 ferro
1190 1083 1313 1157 super·

299 1175 383 1248 ficie
399 1192 510 1248 tenus
526 1177 708 1248 duntaxat
730 1178 857 1248 laesum
878 1175 1008 1248 suerat.
1035 1182 1122 1248 Haec
1140 1181 1313 1249 exterius.

298 1301 402 1366 Intra
419 1296 589 1365 cranium
622 1309 747 1365 autem
772 1317 931 1367 crassam
953 1299 1053 1368 inter
1081 1311 1314 1393 tenuemque

299 1414 534 1510 meningem,
550 1437 625 1508 qua
641 1429 746 1510 parte
758 1412 837 1484 baec
848 1413 997 1486 'vulneri
1010 1411 1315 1512 respondebant,

301 1531 456 1600 saniosae
471 1532 634 1600 materiae
653 1533 762 1628 copia
781 1547 931 1630 reperta
948 1547 1020 1619 est,
1042 1535 1223 1628 quamvis
1241 1529 1317 1601 nul·

300 1647 374 1718 lam
395 1647 498 1718 iniis
524 1646 774 1734 membranis,
804 1647 945 1718 nuliam
971 1649 1012 1717 iu
1039 1663 1122 1718 toto
1154 1646 1315 1718 cerebro

300 1763 489 1834 laesionem
517 1764 815 1836 animadvertere
833 1765 1002 1852 licuerit,
1018 1765 1092 1836 nisi
1110 1763 1222 1861 quod
1237 1787 1317 1834 san·

302 1879 443 1979 guisern
458 1905 542 1953 vasa
564 1907 646 1979 quae
660 1882 731 1954 sub
748 1907 842 1980 pure
856 1883 1040 1970 latebant,
1060 1907 1080 1952 a
1102 1883 1315 1980 nigerrimo

302 1977 499 2097 coagulato
520 2003 699 2098 sanguiue
718 2002 825 2098 quasi
845 2001 1014 2072 varicum
1042 2001 1164 2071 instar
1187 2015 1315 2096 turge-

301 2116 403 2187 bant.
424 2118 603 2190 Thoracis
626 2119 783 2205 viscera‚
807 2145 889 2216 quae
910 2117 1115 2215 aliquando
1145 2119 1186 2186 iu
1214 2119 1314 2212 ejus-

302 2234 404 2305 modi
424 2235 568 2307 morbis
587 2233 684 2307 affici
695 2238 832 2323 solent,
849 2237 959 2308 illaesa
976 2251 1083 2307 erant
1100 2263 1108 2306 :
1126 2233 1312 2334 polyposa

302 2370 448 2424 tantum
468 2356 663 2425 concretio
676 2356 714 2424 in
725 2355 881 2426 dextero
892 2353 1017 2426 cordis
1027 2353 1197 2456 thalamo
1211 2377 1318 2424 cons·

303 2487 411 2570 pecta
427 2487 493 2542 est.

357 2590 410 2660 16.
419 2594 471 2658 Ex
488 2589 546 2658 bis
561 2613 644 2685 quae
659 2588 730 2660 sub
745 2588 860 2660 finem
874 2588 1161 2684 hujusbistoriae
1177 2588 1317 2685 scripta

305 2719 409 2789 sunt,
431 2704 617 2800 intelligis·
625 2729 743 2802 quare
755 2708 794 2776 iu
811 2721 977 2777 extrema
991 2706 1189 2803 superiore
1208 2703 1320 2774 histo

307 2824 361 2892 ria
371 2821 595 2893 adnotatum
614 2824 679 2910 sit,
697 2847 786 2895 sana
809 2825 848 2894 in
864 2823 1021 2894 thorace
1040 2819 1155 2894 fuisse
1178 2825 1318 2892 omnia.

307 2947 408 3032 Quas
422 2955 547 3011 autem
566 2939 759 3012 interdum
777 2942 950 3013 Valsalva
967 2965 1084 3012 noxas
1100 2943 1138 3009 in
1164 2939 1321 3012 thorace

306 3083 437 3130 eorum
458 3058 612 3131 vidisset
627 3061 695 3157 qui
719 3062 842 3158 capite
859 3059 1047 3131 vulnerati
1062 3059 1323 3136 decesserant.

304 3179 655 3275 proximaequatuor
665 3177 866 3250 ostendent
876 3177 1172 3249 observationes.
1184 3181 1321 3248 Earum

306 3297 428 3393 prima
457 3294 684 3366 confirmare
710 3297 823 3368 simul
849 3297 990 3394 poterit
1014 3294 1189 3392 quaedam
1211 3320 1260 3365 ex
1282 3295 1323 3363 iis

307 3433 391 3508 quae
407 3413 496 3484 alias
514 3413 568 3508 (1)
584 3415 716 3511 scripsi
740 3414 788 3487 de
808 3416 915 3485 nervi
937 3412 1008 3485 sub
1035 3411 1246 3512 supercilio
1266 3437 1322 3482 re·

306 3529 391 3602 flexi
410 3529 634 3602 laesionibus.
659 3535 753 3602 Nam
772 3557 843 3632 pro
872 3533 1008 3604 barum
1036 3531 1186 3602 diversa
1209 3532 1264 3614 vi,
1283 3541 1318 3599 et

307 3647 527 3718 conditione
538 3647 638 3718 leves
649 3649 841 3721 interdum
851 3649 916 3740 ,et
929 3652 969 3720 iu
990 3649 1104 3720 oculo
1117 3647 1318 3720 subsisten-

318 3867 588 3884 ‘Qun——

350 4023 393 4100 ir)
415 4025 509 4100 Epist.
525 4037 603 4082 auat.
624 4027 677 4098 18,
695 4047 725 4083 n.
744 4047 772 4098 7.
