2816 5282
334 393 407 493 578
496 415 543 464 nr
568 409 715 464 eronus
740 409 784 460 rr
809 409 935 462 crusis
958 409 1174 465 notrorum

322 534 455 631 possit.
474 529 622 627 Legesis
636 525 945 618 observationem
962 525 1196 624 Lospichleri
1213 525 1280 626 (ι),
1291 541 1317 600 et

289 739 292 746 Ι
329 673 417 720 vera
442 671 462 718 a
485 670 545 718 me
571 643 646 716 dici
676 641 872 740 intelliges.
901 643 993 714 Viro
1023 645 1125 716 enim
1156 647 1219 742 qui
1249 661 1316 720 ante

328 787 448 838 annos
468 762 652 862 plurimos
677 783 763 830 cum
788 783 889 856 equo
914 782 1120 849 corruens,
1139 762 1314 838 vehemen-

327 899 405 956 tem
420 904 550 979 passus
570 892 648 950 erat
667 876 837 974 ephippii
851 881 890 946 in
902 876 1138 950 stomachum
1157 903 1314 980 compres-

325 1005 481 1086 sionem,
499 1019 663 1094 eamqug
679 993 913 1091 neglexerat,
932 994 1026 1092 quid
1044 995 1197 1071 tandem
1218 997 1313 1070 tetha-

326 1116 373 1192 lis
387 1113 511 1188 morbi
536 1115 635 1186 circa
655 1110 854 1186 ventriculi
883 1107 1044 1184 fundum
1065 1112 1240 1186 obortum
1261 1115 1310 1200 sit,

325 1232 480 1306 videbis.
500 1230 557 1303 Ab
575 1227 761 1327 ejusmodi
775 1242 899 1300 autem
912 1229 1051 1303 ictibus
1068 1233 1183 1304 etiam
1199 1233 1234 1304 in
1248 1232 1315 1305 aliis'

324 1349 532 1424 visceribus
559 1345 729 1420 skirrbos
758 1348 883 1432 nasci3
907 1371 1032 1446 neque
1049 1349 1101 1428 ita
1119 1374 1223 1438 raro,
1241 1350 1307 1422 scite

326 1470 475 1545 monuit
488 1467 683 1540 Platnerus
693 1466 767 1562 (α),
779 1464 896 1553 mala,
911 1481 952 1540 ut
965 1469 1067 1540 nosti
1075 1520 1085 1553 ,
1099 1492 1183 1564 quae
1196 1467 1304 1538 sensim

324 1587 516 1672 oriuntur,
541 1597 579 1662 et
603 1598 791 1670 crescunt,
813 1607 1031 1680 quanquam
1051 1583 1100 1656 ab
1120 1585 1224 1656 initio
1244 1585 1304 1681 ipso

323 1725 601 1799 nonnunquam
619 1699 772 1788 accidit,
787 1715 830 1774 ut
846 1700 985 1774 indicia
996 1718 1160 1802 acceptae
1176 1701 1303 1779 lesionis

324 1845 363 1894 se
384 1817 564 1920 prodant,
581 1842 652 1890 nec
669 1817 716 1889 ad
733 1815 848 1890 finem
868 1841 1007 1918 nsque,
1020 1807 1125 1892 lente
1137 1815 1301 1916 quantun·

322 1938 394 2028 vis,
409 1959 566 2036 pergere
597 1934 792 2024 desinant,
818 1951 861 2024 ut
886 1935 1018 2032 juveni
1034 1938 1195 2034 contigit
1212 1958 1297 2033 quen

321 2055 372 2126 ill.
386 2053 583 2151 descripsit
597 2052 768 2126 Hallerus
776 2053 848 2149 (3),
857 2051 905 2124 ab
916 2050 1031 2126 ebriis
1038 2052 1298 2154 compotoribus

322 2169 424 2244 coloe
442 2171 498 2242 od
512 2169 698 2242 abdomen
712 2193 903 2268 percusso.

267 2290 276 2302 '
371 2289 428 2362 16.
448 2293 571 2360 Puero
590 2275 758 2358 ncivenni
772 2339 782 2374 ,
797 2285 868 2358 sub
882 2310 1034 2358 currum
1054 2288 1221 2374 cadenti,
1237 2299 1295 2358 roo

319 2395 433 2506 nuper
454 2420 625 2478 ventrem
646 2419 741 2490 acta,
773 2420 935 2478 mortem
960 2395 1008 2476 ‘iu
1036 2403 1142 2478 hunc
1172 2403 1293 2476 modun

318 2509 451 2598 attulit.
478 2523 597 2594 Dolor
616 2520 771 2619 quidem
788 2522 930 2596 ventris
953 2545 1033 2595 non
1053 2533 1279 2624 magnusent

317 2641 383 2714 sed
401 2639 529 2738 pulsus
543 2640 604 2709 vix
617 2637 916 2737 percipiebatur,
948 2655 1118 2716 extrema
1139 2639 1235 2712 valde
1245 2634 1290 2706 fri·

316 2757 474 2856 gebant,
501 2779 598 2853 teger
627 2756 689 2826 vix
715 2780 885 2854 unquam
910 2757 1151 2854 quiescebat,
1176 2757 1289 2832 alterno

316 2872 393 2948 fere
411 2887 519 2946 motu
539 2897 582 2946 ex
599 2897 678 2944 uno
688 2896 728 2944 se
740 2873 781 2944 in
797 2873 956 2946 alterum
970 2874 1067 2948 latus
1085 2887 1286 2948 convertens.

314 2994 487 3089 Denique
504 2989 600 3062 hora
619 3014 713 3080 una,
732 3005 796 3062 aut
812 2991 928 3062 altera
944 2989 991 3067 ab
1012 3007 1104 3064 rotae
1127 2989 1285 3092 pressione

313 3123 462 3197 exacta,
481 3107 708 3180 convulsivis
727 3107 993 3204 ingruentibus
1011 3108 1196 3195 motibus,
1214 3106 1282 3174 intn

309 3223 414 3310 horte
425 3224 674 3323 quadrantem
691 3224 860 3308 decessit,
875 3223 1110 3314 Abdomine,
1128 3215 1281 3322 quodvul-

312 3343 359 3414 de
372 3358 522 3416 tensum
534 3358 631 3428 erat,
647 3341 825 3431 dissecto,
842 3339 1033 3422 effususin
1050 3359 1212 3423 ventrem
1225 3333 1278 3406 flui-

312 3459 384 3534 dus
407 3459 579 3556 sanguis,
597 3475 634 3532 et
651 3461 827 3532 intestina
851 3485 935 3534 aere
960 3461 1149 3562 turgentia
1168 3449 1278 3548 conspi-

309 3611 1278 3658 Μ

347 3757 392 3834 (ι)
413 3755 490 3832 Eph.
502 3758 541 3814 N.
557 3758 590 3814 C.
604 3767 682 3814 cent.
701 3770 758 3816 ret
771 3777 805 3832 r,
819 3760 884 3817 obs.
902 3757 970 3816 151.
1005 3807 1011 3820 .
1037 3837 1038 3840 Ἴ

348 3855 391 3937 (n)
411 3857 509 3914 Instit.
525 3857 575 3932 cit.
588 3861 604 3929 ς
617 3857 686 3948 7118.

345 3954 390 4034 (3)
410 3955 521 4031 opusc.
532 3957 646 4031 pathol.
663 3957 728 4016 obe.
742 3955 792 4017 250¹
