2872 4660
289 411 337 486 68
457 435 504 479 nr
530 427 675 479 scurrus
699 428 744 476 rr
769 427 893 478 causis
919 430 1127 478 moruorum

289 565 326 624 et
345 546 630 628 exercitatione,
649 556 687 613 et
704 541 924 640 prudentia,
935 559 996 632 ut,
1017 545 1124 642 quod
1141 543 1295 620 difficil-

287 667 420 740 limum
439 679 511 752 est,
527 663 566 732 in
589 674 767 732 neutrum
794 676 1069 760 praeceptorum
1091 663 1188 736 Celsi
1207 690 1297 764 pec-

285 801 391 858 cetur
413 781 472 880 (1)
487 809 495 851 :
515 785 631 873 ratius
654 802 731 847 esse
749 801 886 876 anceps
902 778 1090 851 auxilium
1108 789 1296 880 experiri,

286 925 401 1004 quam
413 899 581 971 nullum:
599 893 659 993 (a)
675 919 742 965 nec
759 897 881 966 subire
895 910 1022 968 tamen
1036 903 1196 996 speciem
1216 904 1298 999 ejus

287 1025 331 1094 vi
339 1024 485 1104 oceisae,
502 1038 618 1113 quam
630 1037 711 1083 sors
725 1018 840 1110 rpuus
853 1018 1046 1084 interemit.
1058 1019 1102 1086 Et
1116 1017 1192 1088 vim
1206 1041 1296 1090 sane

287 1255 387 1328 bene
404 1273 608 1351 perpensas
625 1248 792 1320 rationes
810 1249 1061 1346 scripserunt,
1081 1277 1153 1323 nec
1170 1275 1297 1327 assen-

285 1373 456 1458 tiuntur,
475 1366 622 1438 nullum
641 1379 813 1463 unquam'
835 1367 911 1436 sive
931 1365 978 1437 ab
998 1383 1098 1456 arte,
1132 1370 1209 1443 sive
1228 1397 1297 1472 po-

287 1489 513 1562 tissimnma
540 1499 691 1570 natura,
717 1483 748 1553 si
775 1482 1006 1580 prudenter,
1035 1511 1077 1558 ac
1105 1489 1298 1590 paulisper

288 1619 482 1704 expectes,
502 1602 681 1674 auxilium
702 1623 907 1698 superesse.
931 1603 1044 1692 Quod
1066 1620 1104 1678 et
1124 1631 1196 1706 ego
1213 1633 1296 1680 non

289 1723 406 1798 semel
421 1721 499 1793 vidi
519 1746 538 1793 e
560 1718 666 1792 sedili
679 1719 719 1788 in
734 1719 915 1790 lectulum
934 1735 1153 1796 transeunte
1181 1749 1298 1824 puer-

285 1866 396 1942 pera,
421 1854 606 1936 uteroque
627 1839 771 1910 interea
792 1836 885 1908 dum
911 1839 1091 1936 paulatim
1120 1867 1159 1914 se
1186 1845 1227 1914 in
1254 1870 1297 1918 ea

288 1961 415 2060 quiete
435 1955 699 2044 contraheret,
723 1953 917 2028 secundas
930 1957 1041 2028 simul
1074 1962 1296 2036 excutiente.

287 2081 366 2152 Nec
389 2077 496 2148 aliter
521 2073 569 2145 ab
589 2073 667 2145 sola
691 2097 884 2172 puerperae
908 2072 955 2146 de
976 2100 1054 2147 uno
1073 2079 1112 2147 in
1135 2077 1296 2153 alterum

288 2197 416 2272 locum
437 2192 681 2266 translatione
695 2190 832 2264 vidisse
845 2191 946 2291 leges
961 2191 1005 2264 cl.¹
1024 2199 1214 2294 Hoyerum
1223 2196 1295 2298 (3)

287 2312 400 2407 Quod
419 2313 449 2384 si
473 2311 535 2382 illa
560 2311 765 2381 versaveris
793 2334 875 2406 quae
901 2311 1116 2410 superbae
1139 2331 1296 2390 contro-

287 2432 408 2502 versia
432 2431 569 2525 scripta
595 2441 683 2498 sunt
702 2451 824 2523 nuper
844 2453 864 2499 a
885 2429 1034 2502 medico
1052 2435 1296 2532 experientis-

289 2549 384 2622 simo
415 2543 565 2616 Andrea
589 2547 694 2639 Pasta
713 2545 792 2642 (4);
824 2570 911 2617 cum
936 2550 1064 2620 omnia
1092 2552 1297 2650 perspicies

289 2688 424 2763 magna
449 2659 682 2746 eruditione,
717 2662 967 2761 doctrinaque
1000 2682 1179 2757 tractata,
1213 2686 1295 2743 tum

289 2783 495 2884 praesertim
518 2778 689 2850 laudabis
719 2781 799 2876 ejus
832 2782 1031 2880 prudentia
1061 2787 1235 2877 consilia,
1259 2805 1297 2863 et

228 2913 231 2918 '
287 2899 509 2988 monita‚in
524 2896 658 2996 hisque
675 2897 768 2969 illud
784 2897 855 2996 (5),
875 2915 917 2971 ut
936 2901 983 2972 ab
1006 2901 1218 2979 'obstetricis
1242 2931 1295 2980 se.
1347 2971 1350 2980 Δ
1425 2911 1426 2946 ³

289 3019 356 3092 dili
378 3019 512 3114 inquo
530 3015 608 3110 jam
627 3011 720 3087 fessa
738 3015 891 3114 languet
915 3019 1069 3110 mulier,
1083 3020 1295 3122 placentam
1346 3085 1348 3090 s

289 3126 427 3208 frustra
453 3134 579 3204 nitens
607 3131 817 3214 eliminare,
848 3133 1094 3210 transferatur
1118 3141 1157 3212 in
1180 3142 1295 3220 lectu·

298 3351 1289 3384 mmm-...Q-

392 3490 610 3560 Benedictio,
624 3490 644 3544 l.
660 3507 694 3559 a,
708 3478 734 3546 e.
755 3510 801 3546 ro.
862 3553 867 3568 .

326 3491 371 3569 (Ι)

328 3589 752 3670 (2)1hid.1.5,o.26,n.1.
857 3572 875 3640 ’.

327 3687 369 3769 (3)
392 3691 467 3764 Eph.
484 3691 523 3746 N.
537 3691 570 3746 C.
584 3699 661 3745 cent.
680 3707 710 3760 1,
727 3688 792 3744 obs.
807 3686 855 3745 51.

328 3788 371 3871 (4)
391 3793 623 3866 Regionamento
634 3789 776 3867 aggiunto
788 3791 816 3845 al
826 3789 899 3848 disc.
914 3789 969 3851 int.
982 3793 1011 3850 al
1021 3795 1125 3872 Flusso
1140 3797 1171 3854 di
1183 3817 1296 3880 sangue

287 3903 388 3952 etcaet.
402 3889 549 3947 consider.
566 3889 611 3946 13.

325 3991 371 4072 (5)
390 3993 429 4050 u.
450 3985 515 4046 185.
