2946 4662
330 449 400 523 508
495 477 543 524 nr
568 477 715 526 sumnus
741 477 784 524 nr
809 477 934 527 causis
959 470 1168 528 nonnonon

327 613 475 663 sumac
498 615 632 670 sanum
660 589 888 664 continebat.
920 592 1075 665 Livebat
1104 592 1260 692 quidem
1291 615 1335 664 ea

325 707 556 806 pleuraepars
567 710 806 806 quaevulneri
815 711 985 807 proxima
1000 725 1091 801 erat3
1103 709 1168 782 sed
1181 709 1332 782 n'ullum

323 847 481 922 prorsus
506 824 670 898 habebat
694 825 882 898 toramen:
901 852 972 900 nec
993 828 1156 918 vulnus,
1184 851 1333 901 summa

324 941 518 1040 diligentia
549 945 701 1044 penitus
726 945 980 1044 exploratum,
1005 947 1104 1018 ultra
1127 945 1333 1020 secundam

322 1060 443 1158 ipsam
462 1076 603 1133 costam
634 1062 840 1134 introrsum
861 1080 1092 1160 pervenerat.

377 1175 431 1252 15.
452 1182 720 1278 symptomata,
731 1187 816 1277 quoe'
831 1180 922 1251 dum
938 1181 1191 1280 egrotationis
1208 1180 1332 1253 histo-

324 1297 418 1368 itam
438 1297 596 1398 lugeres,
615 1324 636 1368 a
652 1298 810 1370 vulnere
821 1321 901 1370 esse
913 1299 1182 1371 existimaveris
1196 1299 1234 1369 in
1246 1297 1336 1370 tho-

323 1416 419 1487 racis
444 1421 577 1486 eavum
596 1417 861 1513 perveniente,
894 1417 1119 1490 dissectione
1151 1417 1336 1516 perlecta,

323 1557 345 1603 a
381 1531 572 1630 pulmonis
599 1531 931 1622 inflammatione,
968 1535 1261 1633 suppuratione,
1296 1548 1335 1606 et

321 1648 421 1722 hane
447 1665 577 1722 secuto
599 1667 834 1748 empyemate
848 1649 966 1724 fuisse
988 1653 1178 1750 intelligis.
1200 1657 1333 1749 Itaque

320 1781 362 1840 ut
378 1768 419 1839 in
436 1769 577 1840 caeteris
587 1769 874 1868 aegrotantibus,
894 1771 1001 1842 sicin
1017 1750 1226 1842 vulneratis
1242 1795 1336 1866 quo·

321 1909 397 1984 que
414 1910 493 1957 non
515 1887 641 1968 omnia
664 1910 813 1986 semper
833 1887 1055 1986 imputanda
1077 1902 1165 1960 sunt
1186 1888 1331 1985 primo,

321 2003 563 2103 evidentique
594 2003 753 2093 morb0‚
773 2005 838 2078 sed
863 2005 954 2080 huie
981 2030 1092 2104 posse
1119 2005 1235 2076 alium
1263 2006 1332 2104 qui

320 2121 368 2194 ab
387 2147 432 2195 eo
456 2149 534 2194 non
554 2122 733 2221 pendeat,
760 2121 914 2221 adjungi
936 2123 1179 2222 cogitandum
1196 2136 1251 2194 est
1260 2111 1274 2208 ,’
1291 2135 1331 2194 et

318 2239 377 2311 vel
397 2239 551 2338 quando
568 2254 818 2338 symptomata
842 2231 1003 2339 aprimo
1033 2263 1112 2312 esse
1126 2239 1328 2326 videntur,

317 2381 411 2430 num
431 2356 478 2429 ab
499 2357 680 2453 adjuncto
708 2358 837 2456 aliquo
862 2359 989 2458 potius
1010 2357 1104 2446 sint,
1134 2357 1329 2456 suspican-

316 2477 409 2548 dum
425 2491 463 2548 et
481 2475 682 2576 diligenter
696 2475 988 2573 inquirendum,
1008 2475 1112 2546 velut
1122 2473 1185 2546 hic
1200 2499 1245 2545 ex
1264 2478 1325 2545 in·

318 2593 444 2682 diciis,
483 2617 649 2690 quorum
691 2590 846 2665 fortasse
883 2592 1070 2664 nonnulla
1099 2607 1235 2681 erant,
1268 2594 1328 2663 in-

316 2709 601 2800 flammationis,
630 2735 710 2782 non
734 2709 782 2782 ad
814 2711 1007 2782 sinistrum
1038 2733 1112 2807 qua
1138 2735 1184 2780 ex
1219 2725 1327 2807 parte

316 2841 396 2899 erat
415 2827 575 2919 vulnus,
602 2827 668 2901 sed
689 2826 737 2898 ad
757 2825 954 2902 dexterum
974 2817 1328 2927 pulmonemspec-

315 2946 444 3028 tantis.¹

369 3065 423 3137 16.
439 3064 593 3137 Juvenis
619 3087 739 3135 annos
770 3077 881 3135 natus
906 3063 1039 3161 viginti
1061 3061 1175 3154 duos,
1201 3062 1327 3135 cultro

315 3184 501 3256 sauciatur
516 3182 625 3280 quasi
641 3182 681 3253 in
690 3181 816 3254 medio
831 3169 963 3270 dois03
980 3183 1032 3253 sic
1045 3195 1238 3270 tamen,ut
1248 3181 1328 3252 vul·

314 3325 386 3373 nus
410 3299 591 3374 'nonnihil
619 3323 779 3400 vergens
805 3299 850 3370 ad
885 3299 1075 3386 sinistras,
1104 3297 1234 3370 tendat
1255 3299 1329 3369 iui-

313 3422 409 3490 tium
423 3441 553 3490 versus
574 3432 683 3490 sextae
702 3433 740 3488 et
756 3417 922 3515 septimae
942 3431 1062 3488 costae.
1092 3419 1178 3487 Non
1203 3415 1326 3488 multo

312 3551 400 3636 post
412 3535 599 3609 inflictum
608 3537 760 3626 vulnus,
775 3534 890 3610 febris
904 3533 1063 3622 accedit3
1079 3533 1168 3606 huic
1181 3549 1328 3621 autem,

313 3671 401 3756 post
415 3654 497 3727 dies
514 3655 680 3752 aliquot,
693 3653 784 3724 levis
805 3652 973 3750 spirandi
990 3649 1213 3743 difficultas,
1234 3653 1327 3723 levis

314 3797 487 3874 quoque,
505 3788 548 3845 et
567 3772 671 3843 irrita
688 3771 822 3862 tussis,
845 3795 1005 3870 magnus
1024 3795 1116 3843 vero
1135 3771 1235 3842 circa
1252 3784 1330 3844 sto-

312 3889 492 3964 machum
521 3889 634 3962 dolor
661 3913 731 3962 nec
761 3887 934 3962 modicus
966 3888 1082 3962 totius
1112 3887 1330 4002 :Qdominis

312 4013 621 4084 tumor.Demum
632 4011 915 4109 ingravescente
927 4008 1326 4108 respi1·atione‚prope
