2828 4652
57 451 59 455 ·
165 417 1022 510 me.iunxeronerscumonc.,etcmrsnxexu
1054 426 1121 524 195

112 563 214 636 toria
235 559 495 648 desideretur,
513 582 621 633 secus
641 574 753 656 atque
776 560 813 630 in
835 559 917 632 aliis
930 563 1066 637 accidit
1083 568 1124 638 in

114 703 212 779 quas
231 679 415 754 hactenus
437 677 577 766 incidi,
595 675 931 756 ‚observationibus
956 681 1125 776 ejusdem

115 797 277 898 generis.
293 798 344 868 Ut
361 797 463 868 enim
488 794 592 893 quod
609 794 794 892 Spigelius
812 810 940 868 noster
959 797 1015 890 (ι)
1042 801 1128 873 scri.

114 916 192 1014 psit
200 913 247 986 de
261 917 445 1010 sanguine
468 936 591 986 crasso
611 910 828 1007 acfrigido,
847 935 961 1008 quem
984 941 1004 988 e
1025 933 1127 990 secta

113 1055 213 1105 vena
230 1045 317 1129 post
335 1027 508 1128 frigidam
527 1028 575 1102 ab
588 1028 998 1129 aestuautibusepotam
1015 1033 1128 1124 vidit,
1149 1105 1155 1118 ,

115 1174 190 1222 nec
239 1150 320 1222 siue
353 1145 578 1224 ,difficultate
617 1146 891 1244 prodeuntem,
928 1152 1127 1244 omittam,

114 1269 261 1367 quippe
276 1290 364 1338 eum
377 1267 506 1364 potius
520 1263 568 1337 ab
578 1263 773 1364 oesophagi
789 1262 928 1363 frigore
948 1268 1047 1339 intra
1066 1269 1129 1356 ad·

115 1387 227 1460 sitam
245 1385 434 1468 arteriam,
449 1407 623 1481 magnam
653 1382 867 1456 densiorem
891 1387 1131 1461 crassiorem·

115 1527 193 1604 que
208 1499 369 1590 factum,
390 1525 504 1600 quam
516 1516 602 1576 actu
627 1499 805 1599 frigidum
824 1503 995 1577 videatur
1016 1506 1129 1578 intel-

115 1622 254 1721 ligere;
277 1635 378 1694 certe
405 1645 490 1718 quae
523 1619 737 1698 observatio
762 1601 853 1692 olim
885 1621 987 1720 apud
1018 1623 1129 1696 Rive-

114 1740 218 1812 rium
236 1735 296 1836 (n)
311 1739 504 1836 proposita
521 1751 576 1810 est
600 1737 640 1808 in
657 1737 815 1810 muliere
832 1736 1038 1814 admodum
1055 1742 1129 1812 ira-

117 1857 263 1945 cunda,
282 1879 366 1953 quae
384 1855 484 1938 intra
503 1855 674 1952 quintam
691 1879 710 1925 a
727 1869 827 1928 secta
842 1877 938 1928 rena
951 1856 1050 1930 diem
1071 1859 1130 1930 in·
1174 1889 1178 1902 ,

118 1975 243 2060 teuit,
270 1989 417 2048 tantum
456 1972 561 2046 abest
591 1987 634 2044 ut
659 1973 834 2061 sciamus,
869 1973 1009 2070 quibus
1034 2000 1130 2072 prae-

117 2093 255 2192 gressis
271 2092 408 2180 causis,
436 2105 502 2164 aut
519 2088 789 2182 comitantibus
814 2091 1129 2188 symptomatibus

114 2206 232 2284 febris
254 2209 317 2282 illa
334 2224 429 2282 esset
448 2232 523 2306 qua
551 2222 644 2280 tunc
672 2205 819 2283 assidua
839 2207 1055 2298 laborabat,
1082 2225 1128 2284 ut

114 2328 269 2419 Thomu
287 2326 507 2402 Bartholiuo
528 2326 587 2422 (3)
609 2349 677 2424 per
697 2324 986 2414 divinationem,
1016 2342 1058 2399 ut
1077 2328 1129 2403 ita

117 2443 557 2546 dieam,conjiciendum
589 2439 724 2530 fuerit,
757 2443 957 2516 horrorem
994 2469 1129 2544 perpe·

115 2581 229 2636 tuum
247 2560 412 2636 iilivfebri
423 2562 601 2637 comitem
620 2557 744 2634 fuisse.
763 2564 894 2634 Petrus
916 2577 1041 2637 autem
1054 2549 1130 2640 'Bc-

116 2682 234 2758 relius
260 2681 315 2779 (a)
350 2681 437 2754 satis
471 2679 546 2752 hoe
573 2678 707 2758 hulruit
738 2677 924 2768 scribere,
957 2684 1129 2779 equiturn
1175 2677 1178 2683 ’

116 2793 255 2872 ducem
270 2803 489 2896 sanguinem
500 2795 708 2894 frigidum,
727 2802 765 2868 in
784 2799 915 2870 morbo
930 2784 1135 2896 phlebote?
1237 2871 1241 2878 x

116 2932 290 3007 uratum,
319 2919 498 3006 emisisses
516 2930 569 2988 ut
595 2939 643 2990 ue
663 2913 841 2986 morbum
870 2915 1026 3013 quidem
1050 2943 1130 3016 quc

116 3034 338 3124 tenebatur,
357 3047 422 3108 aut
440 3032 527 3131 quis
545 3032 585 3106 id
601 3033 791 3121 retulerit,
811 3031 1027 3108 doceamur.
1056 3033 1129 3109 Sed
1144 3019 1162 3055 Χ
1246 3047 1250 3054 “

118 3169 157 3226 et
172 3152 461 3252 explicationem
475 3149 580 3224 addit
605 3149 813 3246 ejusmodi,
834 3164 876 3224 ut
896 3150 1033 3227 mirum
1057 3153 1129 3240 sit,

117 3295 200 3345 non
216 3271 294 3368 jam
312 3270 513 3370 contigisse
535 3266 574 3338 id
596 3291 890 3366 nonnunquam,
921 3266 986 3338 sed
1000 3269 1128 3365 potius

117 3415 198 3464 non
217 3413 386 3488 semper,
405 3402 470 3460 aut
489 3411 568 3458 non
590 3385 713 3458 multo
740 3387 870 3484 sepius
893 3387 1126 3486 contingere.

160 3709 204 3792 (1)
226 3713 272 3768 De
284 3707 367 3766 hum.
383 3725 466 3784 corp.
480 3708 558 3766 febr.
573 3709 594 3766 l.
607 3708 643 3780 6,
662 3725 689 3766 e.
703 3726 731 3772 a.

159 3810 206 3890 (α)
226 3811 301 3868 obs.
314 3808 492 3868 communio.
511 3807 561 3877 46.

161 3910 173 3995 (
194 3912 207 3990 )
227 3913 313 3969 eene.
333 3915 365 3980 t,
383 3911 479 3985 spat.
491 3909 629 3980 meam.

159 4009 173 4090 (
194 4012 206 4090 )
226 4012 312 4070 Cent.
327 4027 361 4084 α,
374 4009 453 4072 med.
466 4009 552 4086 phys.
568 4003 696 4066 obedi.

175 3913 193 3970 3

175 4017 193 4078 li
