2854 4660
305 411 377 488 386
471 433 518 480 ne
544 429 691 480 sautans
716 429 760 476 er
785 427 910 478 causrs
935 429 1146 480 ιιοιιιοιιιιι

297 553 435 650 possit,
451 551 485 618 si
491 559 610 616 totum
626 543 821 616 brachium
835 543 1075 636 convellitur,
1090 562 1162 617 out
1173 572 1262 620 crus
1273 575 1322 620 ex

303 665 460 738 vulnere
483 667 616 762 capitis
630 667 788 761 inperce
804 668 1005 760 opposito,
1027 679 1092 736 aut
1107 666 1147 734 in
1161 690 1320 764 respon-

302 782 442 856 dente?
461 804 586 878 neque
606 780 708 850 enim
728 777 902 866 brachii,
930 796 995 852 aut
1021 782 1142 854 cruris
1162 783 1319 855 alterius

299 900 501 988 musculis,
531 897 692 970 musculi
713 896 861 969 brachii
890 899 1076 996 oppositi,
1101 915 1166 971 aut
1193 903 1317 972 cruris

301 1034 388 1096 sunt
402 1017 663 1116 antagonistae,
680 1018 720 1085 in
740 1013 900 1088 artubus
924 1031 1048 1087 autem
1072 1019 1316 1114 potissimum

297 1139 368 1211 illoe
381 1149 588 1209 occurrunt
602 1133 649 1204 de
673 1133 813 1231 quibus
832 1133 894 1205 hic
919 1133 1135 1231 loquimur,
1159 1139 1316 1208 conmi-

298 1258 433 1330 siones.
446 1251 531 1326 Hoc
546 1251 709 1322 Thomas
726 1275 882 1350 quoque
896 1251 1137 1326 Bartholinus
1157 1253 1215 1352 (ι)
1234 1258 1314 1326 eni·

297 1372 497 1446 madvertit
515 1373 554 1440 in
565 1393 703 1469 puero,
724 1371 785 1440 cui
795 1393 841 1440 ex
854 1370 1012 1442 vulnere
1022 1374 1211 1470 temporis
1228 1373 1314 1446 dex·

297 1492 369 1564 teri
385 1487 698 1563 convellebantur
723 1489 979 1560 sinistrorsum
1004 1514 1084 1560 non
1104 1489 1225 1562 modo
1249 1516 1314 1562 na-

273 1621 277 1642 '
295 1633 372 1697 res,
389 1622 427 1680 et
444 1629 507 1692 os,
524 1604 590 1676 sed
616 1605 728 1678 etiam
748 1603 961 1676 brachium.
985 1605 1053 1678 Ille
1072 1607 1200 1697 eninr,
1219 1635 1313 1707 qua-

295 1727 511 1822 liacumque
526 1737 641 1810 sunt,
665 1721 864 1821 adscripsit
884 1747 966 1820 quae
991 1724 1030 1794 in
1052 1725 1223 1797 sectione
1241 1726 1312 1800 hac

296 1842 533 1942 Sepulchreti
543 1855 754 1912 extremum
770 1839 955 1912 scholium
971 1841 1181 1914 secundum
1195 1843 1311 1918 babet

294 1961 341 2034 ad
360 1964 385 2054 S
404 1989 423 2032 ι
442 1959 844 2047 ObservationisVIli,
861 1961 1034 2056 quamvis
1052 1984 1098 2031 ex
1115 1985 1196 2058 quo
1218 1987 1309 2036 auc·
1417 2051 1418 2062 χ

293 2097 377 2154 tore
388 2081 480 2164 sint,
497 2077 550 2150 ibi
562 2076 717 2176 quidem
736 2101 814 2148 non
830 2091 1018 2176 appareat.
1035 2082 1145 2151 Certe
1163 2097 1309 2172 autem,
1417 2143 1418 2146 ,

292 2214 334 2272 ut
353 2198 591 2296 hocquoque
604 2194 828 2293 adjungam,
850 2195 897 2266 ad
915 2195 1103 2293 paralyses
1114 2198 1309 2297 explican-

293 2317 358 2388 das
383 2340 466 2414 quae
484 2315 523 2384 in
544 2311 702 2384 adverso
731 2313 958 2410 contingunt
985 2311 1122 2398 latere,
1149 2339 1308 2388 nerven-

292 2459 376 2506 rum
397 2434 588 2531 originum
613 2429 912 2502 decussationem
938 2429 997 2502 vel
1017 2429 1128 2503 altius
1150 2457 1306 2530 qnama

290 2550 457 2623 medulla
468 2548 692 2645 oblongata,
709 2561 882 2644 repetere
896 2549 1083 2646 cogimur,
1101 2563 1144 2620 ut
1155 2551 1307 2649 alias(2)

251 2705 255 2711 ·
291 2693 335 2739 ex
353 2668 534 2766 oppositae
552 2666 682 2736 retinae
695 2663 832 2736 tunicas
849 2665 1083 2737 resolutione
1105 2681 1304 2741 ostensum

290 2799 366 2871 est,
393 2783 509 2881 idque
536 2807 640 2853 nunc
668 2779 896 2854 confirmare
924 2783 1055 2854 liceret
1085 2804 1131 2854 ex
1165 2788 1305 2884 Peyro-

287 2903 409 3000 niitss)
422 2901 687 2974 observatione
699 2901 800 2972 visus
819 2902 859 2970 in
871 2900 1025 2972 alterius
1042 2901 1172 2976 lateris
1193 2906 1304 2976 oculo

288 3025 399 3094 toties
425 3019 572 3107 amissi,
592 3031 656 3090 ant
681 3018 863 3106 restituti,
887 3019 1035 3115 quoties
1065 3020 1102 3088 in
1129 3024 1302 3120 opposita

287 3157 393 3240 parte
429 3137 617 3210 vulnerati
651 3133 814 3223 cerebri,
847 3134 914 3205 ubi
940 3133 1056 3234 hujus
1091 3136 1301 3212 substantia

288 3258 439 3346 deerat,
461 3279 533 3353 pus
561 3267 625 3324 aut
644 3251 892 3341 retinebatur,
910 3269 947 3324 et
975 3251 1195 3350 subjectum
1221 3281 1300 3330 cor·

287 3396 359 3472 pus
378 3373 560 3444 callosum
582 3369 798 3469 premebat,
828 3386 892 3441 aut
917 3369 1007 3442 inde
1034 3373 1296 3459 eximebatur3

282 3597 1287 3629 ww

321 3746 363 3830 (a)
385 3751 469 3807 Ceut.
484 3744 601 3820 5‚bist.
615 3757 695 3838 anat.
710 3765 754 3801 a.·

320 3868 364 3945 (a)
384 3867 479 3942 Epist.
492 3865 583 3923 indic.
599 3883 630 3920 n.
647 3863 698 3934 18,
716 3881 751 3938 19
763 3871 793 3918 et
805 3879 853 3925 ιιι.
977 3920 981 3928 ,
1101 3923 1105 3932 ,

319 3982 361 4065 (3)
384 3985 548 4041 Commerc.
563 3979 669 4037 Litter.
681 3996 729 4036 ιιι.
747 3977 833 4052 1731,
848 3970 937 4032 hebd.
951 3974 1009 4047 30,
1020 3991 1119 4052 prope
1131 3977 1183 4034 lin.
1201 4029 1208 4042 ,
