2812 4656
291 443 358 541 198
452 467 498 513 na
524 463 671 512 sturnus
696 465 740 512 nr
765 463 890 513 causls
915 465 1125 514 nonnoauar

272 581 397 654 ¹alicui
412 581 558 653 veniret
579 585 619 650 in
638 593 804 651 mentem
824 578 974 668 dicere,
1010 603 1098 654 cum
1122 579 1293 680 reliquus

286 699 779 799 sanguisquiperviscerum
787 696 1298 798 penetraliaintereaflueret,

290 821 343 892 sic
361 819 448 891 satis
472 815 634 904 calidus,
656 818 815 916 vitaeque
839 816 1029 890 servandae
1050 829 1161 916 aptus
1183 835 1298 907 esset,

289 961 376 1011 eum
393 935 574 1008 duntaxat
599 935 663 1033 qui
681 959 751 1033 per
767 935 973 1008 exteriores
998 959 1128 1024 venas,
1150 937 1297 1036 ipsique

287 1055 366 1127 cuti
395 1052 582 1150 subjectas
603 1049 786 1140 ferretur,
817 1052 865 1126 ab
892 1051 1007 1150 hujus
1028 1047 1168 1152 frigore
1190 1053 1297 1124 refri-

285 1173 408 1273 gerari
423 1172 601 1270 potuisse.
623 1173 765 1244 Verum
784 1194 833 1242 ne
852 1169 943 1242 huic
965 1170 1120 1268 quidem
1138 1172 1297 1270 explica·

283 1289 400 1376 tioni,
424 1289 716 1387 cujusquemodi
741 1312 784 1360 ea
803 1289 869 1378 sit,
888 1287 952 1361 hic
973 1287 1074 1362 ullus
1095 1303 1152 1362 est
1178 1288 1295 1364 locus.

284 1409 381 1480 Nam
403 1421 440 1480 et
463 1407 657 1506 superiora
676 1405 903 1495 aestuabant,
940 1431 1068 1505 neque
1090 1407 1228 1478 mulier
1250 1407 1296 1482 de

287 1525 480 1626 sanguinis
498 1523 700 1598 defluentis
720 1523 860 1626 frigore
873 1539 1081 1624 conquesta
1095 1539 1193 1597 esset
1206 1580 1216 1615 ,
1227 1527 1297 1597 nisi

285 1643 382 1716 cutis
405 1641 532 1716 minus
559 1667 673 1741 quam
696 1643 865 1743 sanguis,
887 1641 1016 1716 fuisset
1038 1638 1185 1741 frigida.
1216 1643 1297 1732 Qua

258 1763 261 1770 '
283 1759 400 1860 igitur
411 1761 558 1833 ratione
572 1762 722 1860 sanguis
741 1761 858 1861 possit
879 1787 959 1834 non
977 1759 1094 1832 modo
1115 1761 1239 1860 qualis
1255 1762 1294 1832 in

285 1877 453 1980 piscibus
474 1895 549 1968 est,
578 1879 642 1952 sed
665 1877 837 1979 frigidior
856 1881 895 1952 in
921 1875 1158 1968 viventibus,
1180 1881 1296 1951 victu·

286 1999 415 2096 risque
425 1995 647 2071 hominibus
665 1997 856 2070 interdurn
877 2021 979 2087 esse,
997 1999 1077 2096 ips'e
1097 2021 1176 2094 quo
1191 1998 1295 2097 inge-

283 2118 352 2188 nio
366 2141 420 2205 es,
434 2115 631 2216 disquiras.
648 2117 742 2188 Mihi
750 2141 857 2206 vero,
868 2118 929 2188 cui
945 2115 1142 2188 historiam
1152 2133 1295 2188 summa

285 2229 360 2307 fide
379 2237 643 2334 proposuisse,
666 2259 751 2306 curn
773 2234 927 2333 aliisque
948 2243 1187 2333 comparasse
1211 2236 1294 2306 satis

290 2367 365 2441 est,
386 2351 433 2424 ad
454 2351 524 2424 alia
545 2377 628 2451 quae
640 2355 789 2428 tametsi
805 2351 976 2426 miranda
993 2378 1074 2424 non
1091 2367 1199 2435 sunt,
1217 2353 1293 2452 ipsa

287 2469 332 2541 ad
348 2469 569 2543 memoriam
586 2473 795 2562 revocavit,
810 2486 866 2544 est
881 2470 1170 2544 transeundum.

307 2583 312 2588 ’
338 2613 394 2686 29.
409 2592 503 2660 Cum
521 2589 699 2660 bononiae
719 2588 915 2689 degerem,
929 2589 1113 2662 honestus
1129 2590 1188 2660 vir
1205 2613 1296 2688 quo·

285 2703 376 2777 tidie
397 2701 537 2804 frigore
558 2704 850 2805 corripiebatur,
881 2706 985 2806 quod
1007 2708 1077 2779 etsi
1094 2705 1222 2779 nullas
1240 2731 1294 2779 se·

285 2822 475 2922 quebatur
502 2823 623 2918 calor,
648 2823 695 2896 de
730 2825 884 2899 duobus
913 2823 1107 2897 'nobilibus
1141 2823 1291 2896 medicis

284 2939 378 3014 alter
397 2967 467 3042 pro
483 2939 600 3031 febri,
616 2943 729 3031 alter,
747 2945 926 3043 quoniam
945 2967 1063 3042 aeger,
1086 2967 1132 3015 eo
1153 2941 1289 3043 frigore

284 3075 482 3160 correptus
513 3059 693 3149 cadebat,
712 3085 784 3162 pro
802 3063 1033 3162 vertiginoso
1062 3057 1200 3134 affectu
1217 3083 1289 3132 ma·

281 3177 382 3251 lebat
397 3179 578 3278 accipere.
609 3183 832 3254 Persanatus
849 3197 905 3254 est
925 3205 996 3254 usu
1016 3177 1149 3252 cardui
1175 3178 1289 3250 bene·

283 3295 393 3384 dicti,
413 3313 449 3368 et
470 3299 624 3394 spiritus
633 3297 719 3370 salis
729 3297 967 3372 ammoniaci.
983 3297 1185 3370 Mulierem
1202 3316 1289 3396 quo·

282 3437 357 3512 que
386 3409 542 3486 memini
565 3439 687 3488 annos
715 3431 841 3488 natam
873 3416 921 3488 ad
952 3417 1230 3516 quinquaginta
1252 3417 1288 3485 in

279 3531 373 3602 iilud
391 3533 424 3601 S.
443 3533 568 3604 Mariae
589 3531 634 3605 de
654 3549 777 3608 morte
793 3537 1059 3608 nosocomium
1079 3548 1304 3633 exceptam,

279 3647 437 3746 singulis
456 3648 634 3723 noctibus
664 3677 686 3722 a
722 3652 950 3725 certa.hora
980 3651 1028 3723 ad
1060 3655 1287 3726 matutinum

278 3789 399 3863 usque
425 3781 576 3864 tempus
602 3765 743 3867 frigore
771 3769 960 3868 prehendi
989 3793 1076 3840 cum
1103 3783 1286 3855 tremore,

278 3908 392 3980 quem
406 3885 538 3983 pulsus
551 3911 631 3958 non
640 3886 812 3958 crebrior
829 3886 985 3985 quidem
1000 3885 1286 3976 ,sedobscurior

275 3997 412 4090 factus,
432 4027 557 4101 neque
576 4003 679 4077 aliud
690 4019 869 4104 praeterea
885 4003 1136 4078 comitabatur
1146 4004 1286 4080 incom-
