2828 4652
856 314 868 361 t

145 443 217 490 mn.
229 441 278 489 ιν.
291 439 338 490 os
349 438 486 488 moruus
497 415 775 506 curaunc.,ete.
788 444 900 492 amsr.
911 445 1008 494 xmx.
1042 426 1109 524 189

95 559 267 658 priorem
284 569 459 626 naturam
474 559 672 626 'menstrua
696 555 858 644 rediere,
878 584 1004 657 neque
1019 563 1109 660 ipsis

96 675 245 780 obstitit
282 672 422 770 duplex
440 673 611 743 ‹tertiana
645 674 825 745 continua
860 673 995 765 febris,
1026 705 1109 776 quae

95 817 217 865 verno
232 807 405 890 tempore
420 791 648 887 quotannis,
665 789 783 888 idque
803 791 850 862 ad
861 793 1108 886 decennium,

94 923 315 996 revertens,
338 931 417 978 non
436 907 509 979 nisi
535 908 666 979 iterata
691 909 884 1006 sauguinis
905 911 1107 1002 missione,

94 1043 133 1100 et
153 1025 242 1098 dato
266 1027 411 1097 cortice
435 1025 669 1114 Peruviano,
702 1025 929 1098 discedebat.
964 1033 1052 1100 Post
1068 1031 1107 1102 id

95 1145 346 1233 decennium,
365 1157 486 1214 aestate
499 1140 622 1214 febres
639 1141 811 1239 ejusdem
830 1143 949 1215 ferme
960 1150 1108 1243 generis

93 1265 340 1362 ingruerunt,
382 1259 448 1332 sed
481 1285 527 1333 eo
560 1259 757 1350 acerbius,
791 1277 827 1332 et
857 1263 1106 1359 periculosius

92 1395 296 1466 vexantes,
316 1378 421 1476 quod
450 1389 564 1450 saevos
584 1378 810 1474 conjunctos
832 1377 1025 1453 habebant
1051 1397 1106 1454 to-
1176 1445 1178 1450 .

92 1500 170 1571 tius
191 1498 333 1570 ventris
364 1495 534 1583 dolores,
549 1497 739 1594 uterique
769 1495 1106 1598 haemorrhagiam,

92 1613 185 1691 tunc'
199 1615 275 1689 fere
290 1616 407 1713 magis
424 1628 687 1712 augescentem
704 1667 714 1704 ,
740 1639 828 1685 cum
854 1615 910 1686 illi
925 1608 1105 1690 'nonnihil

93 1745 134 1808 s'e
161 1729 412 1807 remittebant.
440 1736 650 1830 Pugnatum
675 1748 731 1804 est
756 1732 879 1806 modis
907 1734 1103 1826 omuibus,

91 1853 134 1924 iu
156 1851 216 1924 his
238 1851 354 1924 sexies
373 1851 531 1948 repetita
559 1851 751 1948 sanguinis
774 1852 974 1939 missione,
999 1855 1104 1950 cujus

92 1992 220 2043 serum
243 1953 428 2040 croceum·
444 1983 542 2057 erat,
564 1983 859 2056 crassamentum
886 1984 1011 2058 autem
1030 1970 1103 2042 du·

90 2111 199 2178 rum,
218 2103 255 2160 et
274 2103 397 2158 crusta
419 2087 601 2184 polyposa
621 2085 827 2158 obtectum.
846 2085 918 2156 Sed
931 2090 1101 2183 quamvis

90 2223 130 2280 et
150 2205 285 2294 febriS,
307 2219 344 2276 et
370 2205 432 2276 illa
451 2217 700 2302 symptomata
725 2202 1003 2301 nonnunquam
1029 2207 1100 2276 im·

90 2327 240 2398 minuta
270 2324 369 2410 sint,
394 2346 692 2421 nonnunquam,
723 2337 766 2394 ut
793 2321 1010 2412 videbatur,
1039 2349 1100 2395 su-

88 2443 217 2532 blata;
241 2467 320 2514 non
340 2455 465 2512 tamen
482 2440 542 2511 hi's
570 2439 749 2512 omnibus
770 2455 825 2512 est
843 2437 929 2511 finis
944 2441 1100 2540 imposi-

88 2575 171 2647 tus,
195 2541 274 2632 ¹nisi
292 2585 360 2658 per
372 2561 511 2656 ipsam,
532 2583 687 2656 magna,
705 2559 735 2630 si
753 2581 945 2657 unquam,
966 2562 1098 2658 copia,

89 2703 282 2751 reversam
293 2679 392 2750 uteri
403 2677 718 2776 haemorrhagiam
732 2676 809 2767 die,
825 2701 871 2748 ex
885 2701 962 2775 quo
975 2676 1100 2753 febres

88 2795 331 2894 inceperant,
349 2795 639 2892 quadragesimo
659 2795 805 2892 quinto.
840 2795 923 2866 Cito
957 2795 1104 2868 nihilo.

89 2915 218 2986 minus
237 2911 602 3000 convaluitmulier,
626 2928 739 3010 atque
759 2912 810 2981 ita
832 2893 1041 3003 convaluit,
1056 2930 1099 2986 ut

89 3033 245 3132 triginta
265 3033 436 3130 quinque
455 3055 476 3102 a
493 3045 684 3128 postrema
703 3028 978 3128 haemorrhagia
995 3057 1100 3104 enac·⁴

88 3150 308 3238 tisdiebus,
327 3149 530 3220 menstruis
554 3171 685 3219 rursus
720 3148 931 3220 secundum
958 3164 1098 3220 natura

89 3267 248 3339 modum
267 3267 533 3354 redeuntibuS,
551 3259 731 3363 justoque
755 3279 927 3363 tempore
949 3291 1102 3365 semper

87 3409 286 3458 recurrere
298 3384 562 3484 pergentibus,
573 3384 706 3480 viginti
719 3384 982 3480 ipsosmenses
995 3410 1103 3483 egre·.
1157 3453 1158 3456 ,

88 3506 149 3602 gie
174 3503 303 3574 valens
330 3503 562 3574 traduxerit,
584 3501 656 3572 Sed
674 3517 939 3599 posteaquam
972 3519 1097 3580 aestate

88 3622 511 3719 anni1'7219‚magnam,
531 3620 592 3692 siti
609 3634 783 3716 cogente,
803 3644 909 3717 aquae
926 3621 1003 3692 vim
1016 3623 1096 3696 siue

88 3739 167 3810 ulla
190 3739 375 3810 stomachi
393 3721 575 3810 'molestia
614 3738 745 3835 saepius
780 3737 956 3828 bibisset,
983 3763 1097 3836 quam

67 3857 199 3928 annis
231 3854 490 3954 superioribus
511 3855 571 3927 vel
605 3852 823 3926 febricitans
849 3855 957 3927 nullo
982 3856 1098 3928 modo

88 3969 187 4046 ferre
207 3959 375 4074 poterat,
390 3999 435 4048 eo
444 3989 567 4048 autem
579 3975 647 4072 qui
660 3988 810 4046 secutus
821 3987 893 4072 est,
912 3986 1107 4078 autumno·
