2854 4660
335 231 403 278 titt.
422 230 470 277 1v.
487 233 534 278 DE
549 232 684 280 ntounts
698 230 893 296 enmono„
907 225 975 280 etc.
995 235 1106 281 netsr.
1126 235 1189 282 L11.
1218 217 1264 300 [Ιῦ

205 433 209 442 ,
285 327 541 426 transversum
556 345 678 444 -paulo
697 361 782 443 post
805 346 1022 418 virescel'rat.
1052 353 1136 419 Haec
1165 363 1266 420 auter

289 485 425 532 eorum
456 461 699 535 cadaveribus
725 461 867 536 facilius
895 464 1087 553 accidunt,
1115 467 1198 563 qui¹
1215 467 1266 536 siv

286 577 371 650 aliis
400 579 584 677 partibus,
614 596 657 652 ut
686 597 791 652 aorta
815 597 894 652 erat
918 583 1050 654 vetulae
1075 581 1198 670 illius,
1215 583 1267 653 siv

283 695 379 793 ipsis
394 695 574 769 duntaxat
594 697 819 771 humoribus
834 713 920 771 ante
937 715 1134 798 acceptum
1153 699 1268 770 vulnu

285 812 337 916 ad
356 815 736 911 putredinemessent
752 817 934 915 dispositi.
965 819 1087 908 Quem
1102 819 1141 889 in
1162 843 1269 888 num<

285 955 375 1002 rum
392 931 495 1003 haud
515 957 622 1005 secus
636 946 685 1005 ac·
695 936 818 1005 virum
838 936 877 1004 in
894 935 996 1006 oculi
1013 935 1135 1006 orbita
1153 935 1269 1006 saucia

285 1059 391 1138 tum,
407 1049 549 1148 dequo
566 1053 758 1149 superiore
778 1052 933 1150 epistola
949 1052 1003 1150 (ι)
1022 1053 1202 1150 scriptum
1221 1066 1270 1124 est

285 1181 489 1264 agrestem*
509 1167 611 1238 illam
653 1165 831 1240 feminam
864 1165 1003 1242 referes
1035 1171 1142 1266 cujus
1176 1169 1271 1266 paul«

283 1301 374 1354 ante
396 1282 453 1380 (a)
486 1282 1021 1384 dissectionemprotulimus3
1049 1299 1159 1360 tantae
1187 1288 1272 1357 enin

284 1399 417 1472 odoris
441 1402 628 1498 gravitatis
659 1427 739 1474 non
770 1404 856 1476 satis
883 1401 920 1474 in
952 1404 1072 1501 capite
1106 1401 1273 1499 ejusmod

285 1517 389 1590 loesio
416 1517 697 1617 respondebatr
724 1545 942 1619 quanquam
973 1521 1050 1592 haec
1074 1545 1141 1592 cur
1165 1521 1274 1589 mino:

286 1661 335 1707 ex
365 1650 470 1732 parte
485 1647 602 1733 'quam
629 1639 735 1735 prius
766 1635 901 1725 luerit,
932 1635 1136 1736 aliquando
1171 1636 1274 1708 vider

286 1753 423 1850 possit,
442 1777 528 1824 cum
542 1777 586 1824 ex
597 1754 712 1825 modo
729 1753 838 1826 dictis
854 1754 979 1852 colligi
987 1753 1092 1841 licet,
1107 1767 1187 1824 tum
1199 1751 1275 1826 dilu

285 1868 409 1941 oidius
426 1867 523 1942 infra
534 1869 588 1967 (3)
601 1869 839 1943 indicabitur.

337 1986 371 2057 6.
387 1988 546 2058 Feminae
561 1988 668 2060 alteri
685 1987 814 2061 eadem
827 2003 948 2076 astate,
963 1986 1028 2059 sed
1048 1985 1146 2058 liene
1163 1985 1277 2056 multi:

285 2105 512 2195 antrannis,
528 2105 567 2176 id
587 2084 642 2178 est
656 2131 756 2177 anno
775 2106 866 2204 1706
881 2106 1038 2177 vulnera
1049 2101 1192 2174 inflicta
1209 2100 1278 2174 fue-

288 2237 378 2292 rant
398 2220 474 2293 duo
487 2223 594 2316 brevi
613 2239 650 2296 et
664 2224 854 2298 incidente
875 2222 991 2306 serre,
1009 2247 1088 2293 non
1108 2220 1218 2292 multi
1236 2234 1279 2290 ta·

285 2363 378 2412 rnen
396 2340 592 2438 ponderis,
610 2367 772 2440 quorum
801 2342 918 2418 altero
943 2339 1027 2413 laesa
1045 2353 1124 2412 erat
1144 2364 1186 2410 ea
1204 2345 1280 2437 par!

129 2453 130 2460 '
215 2485 221 2491 ·
286 2457 507 2554 temporalis
521 2459 682 2530 musculi
699 2457 842 2531 dexteri
857 2484 939 2556 quae
953 2481 1052 2556 pone
1070 2456 1280 2554 angularem

283 2575 510 2671 zygomatici
520 2575 612 2646 ossis
624 2575 859 2674 apophysim‚
874 2589 916 2647 ut
925 2573 1118 2646 vocabulis
1126 2589 1211 2646 utar
1221 2573 1277 2646 cel

284 2689 514 2780 Winslowii,
540 2691 691 2764 condita
710 2707 782 2780 est,
813 2691 971 2764 alterum
991 2691 1184 2789 aliquanto
1213 2704 1282 2761 erat

283 2805 454 2879 inferius.
468 2808 590 2880 Ambo
611 2824 735 2881 tamen
750 2810 906 2882 vulnera
912 2811 988 2905 jam
1009 2806 1124 2880 lerme
1139 2806 1187 2877 ad
1201 2807 1283 2876 cica-

285 2925 422 2998 tricem
455 2925 636 3024 pcrducta
666 2941 790 3012 erant,
825 2941 911 2998 cum
937 2925 1072 2996 mulie-r
1106 2937 1142 2995 et
1167 2920 1284 3020 frigidi

286 3043 388 3114 aeris
406 3044 554 3140 injuriis
576 3069 614 3118 se
634 3043 838 3142 objiciens,
865 3057 901 3114 et
922 3041 1008 3112 duri
1026 3039 1101 3112 cibi
1124 3039 1285 3110 mastica--

285 3161 396 3232 tione
420 3163 666 3260 temporalem
690 3163 831 3260 agitans
851 3159 1086 3246 musculum,
1106 3172 1185 3229 tota
1206 3183 1286 3228 mor

285 3274 384 3349 facie
400 3278 509 3350 valde
521 3283 731 3365 euomuit,
757 3277 945 3376 rigoribus
965 3281 1146 3349 cuncussa
1165 3289 1238 3363 est3
1260 3290 1287 3347 et

331 3573 379 3658 (ι)
398 3577 436 3634 N·
459 3575 506 3651 57¹·x

334 3671 380 3749 (²)
399 3675 437 3740 N·
456 3693 483 3731 2·

333 3768 376 3852 (3)
398 3773 436 3833 N.
459 3787 492 3852 94.
