2854 4660
296 435 367 508 322
435 457 482 502 na
509 455 654 504 scurrus
679 457 723 503 rr
748 455 872 504 causrs
898 457 1108 506 monacnum

295 584 537 651 mentorum,
558 567 614 638 ab
628 591 706 638 uno
730 567 778 639 ad
798 570 1016 665 oppositum
1038 569 1159 641 ductae
1176 574 1301 668 parie-

294 704 387 774 tem,
403 709 539 782 venam
557 684 682 782 quoad
704 685 785 780 ejus
796 683 918 757 facere
927 702 1103 782 possunt,
1123 686 1301 776 firment;

292 819 335 876 ut
355 805 502 889 minus,
517 826 604 872 cum
622 801 748 872 laxatae
759 817 865 890 sunt,
883 816 949 872 aut
963 802 1147 893 laceratae,
1163 806 1302 875 miran-

293 921 386 994 dum
409 921 455 992 sit
492 919 743 999 diatationem
774 922 914 1017 augeri.
940 919 1145 992 OEdemata
1171 937 1301 994 autem

292 1037 345 1110 ibi
361 1038 446 1109 satis
465 1037 663 1134 proposui,
676 1035 743 1106 ubi
762 1035 808 1106 de
826 1035 1016 1107 chronicis
1030 1037 1243 1126 viscerum,
1265 1055 1303 1110 et

289 1155 337 1229 de
354 1154 572 1253 hydropicis
590 1151 784 1224 affectibus
801 1154 954 1250 scripsi:
974 1177 1020 1224 ex
1037 1177 1206 1249 quorum
1229 1181 1299 1226 an-

291 1289 351 1345 tea
365 1271 504 1344 habitis
522 1267 808 1342 tractationibus
827 1285 980 1367 accepta
997 1285 1085 1341 sunt
1108 1271 1148 1340 in
1166 1273 1303 1370 Sepul-

291 1389 425 1462 chreto
438 1389 609 1486 exempla
624 1385 836 1460 fercomnia
850 1411 933 1484 quae
949 1386 1011 1457 hic
1022 1403 1299 1485 repeterentur.
1398 1391 1402 1404 '

289 1509 370 1580 Nec
391 1505 438 1576 de
458 1505 571 1576 clavis
599 1503 805 1602 quidquam
834 1520 933 1576 esset
960 1504 1065 1602 quod
1102 1505 1301 1595 adderem,

290 1625 365 1694 nisi
378 1638 420 1694 tu
437 1622 485 1693 de
505 1622 609 1693 clavo
628 1622 694 1692 illo
709 1621 910 1694 insanabili
929 1622 1155 1720 sententiam
1176 1649 1302 1723 nuper

291 1740 519 1838 quaesivisses
536 1763 678 1826 meam,
695 1738 752 1834 cuj
759 1762 802 1808 us
816 1737 910 1810 clavi
922 1737 1032 1810 taedio
1045 1739 1161 1808 vitam
1174 1739 1300 1812 inedia

290 1852 400 1926 linire
420 1855 580 1926 voluisse
601 1856 726 1924 virum
753 1855 1019 1942 consularem,
1043 1853 1300 1954 eumdemque

291 1988 442 2071 poetam
462 1997 540 2044 non
562 1971 767 2070 ignobilem
779 1972 911 2044 Silium
932 1971 1126 2060 Italicum,
1143 1973 1298 2044 aPlinio

290 2090 429 2162 minori
442 2091 500 2186 (ι)
514 2091 694 2187 scriptum
715 2105 780 2162 est.
799 2093 921 2162 &rusa
934 2093 1083 2176 mortis,
1099 2091 1249 2188 inquit,
1267 2092 1297 2163 ei

290 2207 361 2280 luit
377 2206 570 2280 valetudo.
589 2210 689 2278 Erat
704 2205 763 2277 illi
782 2223 893 2278 natm
917 2206 1137 2278 insanabilis
1161 2207 1295 2281 clavus.

289 2327 326 2398 Si
344 2325 452 2424 plura
468 2325 527 2396 his
540 2325 765 2422 scripsisset,
781 2325 902 2422 qualis
916 2324 980 2396 ille
991 2324 1138 2412 clavus,
1154 2327 1296 2399 aut-ubi

205 2507 210 2518 .
289 2441 626 2531 luerit,demenon
641 2457 887 2539 quaerercs,ut
898 2443 1118 2540 opinor.Vis
1129 2443 1294 2516 divinem

287 2561 431 2659 igitur?
455 2564 585 2657 Neque
613 2561 739 2649 enim,
761 2585 848 2632 cum
878 2561 1029 2634 Celsum
1047 2558 1100 2656 (a)
1129 2565 1296 2634 Aetium-

287 2703 363 2776 que
386 2677 440 2774 (3)
458 2677 680 2775 perlegeris,
697 2679 848 2776 ignoras
871 2703 950 2750 non
970 2677 1087 2749 modo
1116 2680 1158 2748 in
1190 2680 1294 2778 pedi-

287 2794 380 2882 bus,
414 2793 611 2866 sedetiam
635 2795 675 2865 in
700 2797 841 2883 ocu-lis,
861 2795 1001 2868 nedum
1033 2793 1143 2882 alibi,
1169 2797 1293 2867 clavos

288 2911 392 2984 nasci
411 2935 538 3009 posse,
558 2927 594 2983 et
616 2935 748 2982 eorum
770 2914 893 3011 quiin
925 2911 1050 2984 oculis
1067 2929 1293 3000 nascuntur,

287 3029 401 3102 alium
418 3053 497 3101 esse
514 3030 581 3125 qui
593 3028 640 3100 ab
658 3030 787 3118 Aetio,
805 3053 848 3102 ac
868 3030 934 3126 qui
951 3053 972 3099 a
987 3029 1095 3100 Celsa
1114 3029 1212 3108 clavi
1228 3055 1293 3102 uc·

285 3148 388 3219 mine
402 3145 637 3244 designatum
658 3146 720 3217 ille
741 3149 842 3218 enim
855 3169 988 3220 uveam
1003 3149 1172 3217 tunicam
1191 3164 1291 3220 extra

214 3289 216 3294 ·
286 3265 439 3334 oculum
458 3288 536 3334 non
556 3287 669 3360 parra
700 3289 744 3334 ex
764 3279 869 3361 parte
898 3264 1133 3362 prolapsam,
1159 3280 1198 3336 et
1215 3267 1289 3361 jam

285 3379 418 3452 duram
438 3375 593 3476 factam,
615 3404 693 3450 nou
712 3405 821 3453 secus
845 3405 888 3452 ac
908 3381 1046 3454 Paulus
1068 3379 1140 3477 (q),
1160 3398 1199 3454 et
1223 3387 1290 3454 lc·
1411 3419 1412 3428 κ

325 3679 369 3761 (1)
389 3681 424 3738 L.
443 3681 476 3754 3,
491 3681 587 3757 Epist.
603 3701 631 3753 7.

324 3779 368 3862 (a)
388 3782 433 3838 De
449 3780 555 3840 medic.
570 3783 591 3838 l.
607 3779 640 3852 5,
655 3799 681 3838 c.
697 3781 751 3854 28,
766 3801 792 3839 s.
805 3791 857 3854 14,
870 3793 899 3839 et
911 3784 932 3840 1.
945 3803 973 3856 7,
987 3803 1014 3840 c.
1028 3803 1055 3855 7,
1065 3803 1091 3840 s.
1105 3800 1150 3840 ra.

323 3881 367 3960 (3)
388 3881 496 3938 Medic.
510 3881 662 3938 tetrabibl.
678 3899 712 3954 a,
731 3902 754 3939 s.
771 3883 804 3954 3,
820 3903 845 3940 c.
865 3885 912 3953 34.

326 3977 368 4058 (4)
389 3982 434 4039 De
450 3999 483 4038 re
497 3981 576 4039 med.
592 3983 613 4038 1.
629 3982 646 4039 3
654 4021 663 4054 ‚
682 4000 708 4039 c.
722 3999 759 4040 aa
771 3983 825 4042 ubi
838 3984 875 4041 de
886 3983 1021 4061 prolaps.
1035 3985 1114 4041 ocul.
