2784 5088
265 427 332 472 rra.
349 427 396 473 ιν.
413 429 459 474 nn
472 427 814 490 uonnrscnmuus„
832 419 900 476 etc.
918 413 1030 476 nmsr.
1042 429 1120 476 run.
1150 403 1195 476 50
1217 403 1218 464 i

221 539 286 610 alto
305 540 425 629 cadit,
446 557 484 612 et
502 538 667 612 thoracis
699 539 890 612 dexteram
919 558 1063 638 partem
1085 541 1132 612 ad
1149 557 1198 613 tet
1217 584 1218 596 κ

219 681 289 727 ram
306 658 435 730 allidit.
464 663 509 728 In
536 657 636 730 idem
662 657 788 730 illatus
819 661 1083 731 nosocomium
1113 683 1218 758 quo«¹

222 797 324 872 supra
336 777 632 862 nominavimus,
644 791 746 846 tanta
761 775 971 874 respirandi
986 773 1199 850 difficultate
1217 826 1218 856 ,

219 907 393 991 acutaque
419 893 513 965 adeo
539 891 643 964 febre
669 895 894 992 corripitur,
923 909 966 966 ut
987 895 1146 994 septimo
1163 895 1218 964 in¹

216 1023 325 1083 tereat
351 1009 422 1083 die.
451 1015 496 1082 In
535 1009 699 1082 thoracis
727 1036 817 1083 cavo
854 1009 1014 1083 dextero
1043 1011 1218 1082 nonnihil

215 1127 341 1224 pulmo
366 1126 612 1217 induruerat,
635 1143 814 1226 totusque
842 1153 977 1227 magna
1012 1127 1218 1200 inflamma¹

215 1243 311 1316 tione
327 1242 483 1316 affectus
504 1259 602 1332 erat,
632 1247 804 1342 superius
830 1247 1053 1341 praesertim,
1082 1271 1157 1343 qua
1181 1270 1218 1318 ez

211 1359 256 1431 ad
269 1361 437 1459 pleuram
453 1378 554 1434 arcte
573 1361 805 1450 adhaerebat,
834 1378 870 1434 et
884 1362 1100 1436 abscessum
1123 1389 1202 1434 con

217 1477 367 1551 tinebat.
389 1480 521 1551 Pulmo
535 1495 661 1551 autem
676 1481 825 1551 sinister
836 1479 1092 1570 rubicundus,
1112 1480 1177 1554 sed
1197 1506 1203 1550 ε

212 1610 316 1696 tergo
336 1600 469 1696 magis,
486 1613 528 1669 nt
544 1596 722 1668 nonnihil
741 1597 994 1670 inflammatus
1008 1597 1198 1670 videretur

211 1713 335 1811 nigras
362 1713 425 1785 hic
448 1713 525 1784 illic
550 1713 715 1785 maculas
741 1738 809 1811 per
839 1739 944 1786 suam
970 1714 1204 1788 substantian

209 1829 382 1926 disjectas
414 1827 588 1902 ostendit.
627 1831 881 1903 Pericardium
906 1856 1079 1928 magnam
1112 1857 1204 1929 aqua

208 1947 376 2044 copiam,
390 1961 427 2017 et
440 1971 506 2017 cor
522 1947 664 2045 grande
679 1947 775 2020 adeo
795 1949 1014 2020 continebat
1025 2003 1034 2037 ,
1044 1965 1086 2020 ut
1095 1949 1218 2020 bubu¹

208 2064 289 2134 lum
303 2088 424 2163 prope
439 2080 612 2161 aequaret.
630 2068 676 2138 In
692 2065 818 2137 cordis
835 2066 1052 2138 ventriculis
1069 2067 1218 2137 ineran:

207 2182 399 2280 polyposae
418 2183 682 2255 concretiones
703 2181 888 2271 subalbae,
906 2198 942 2254 et
956 2185 1008 2254 sic
1027 2184 1206 2255 satismol·

205 2299 276 2388 les,
308 2323 450 2398 magnae
474 2301 513 2371 in
545 2301 725 2398 singulis3
758 2301 880 2397 major
909 2315 1035 2373 tamen
1070 2303 1206 2399 quaein

209 2415 373 2490 dextero.
459 2484 463 2489 .

263 2561 319 2608 ιο.
341 2539 428 2608 Non
453 2535 713 2634 dubito-quin*
731 2537 761 2607 si
791 2535 1033 2608 incommoda
1065 2537 1208 2635 quaesita

209 2668 356 2742 essent,
377 2653 515 2752 quibus
532 2679 646 2726 senex.
670 2654 777 2754 prius
797 2677 912 2751 quam
927 2652 1101 2745 caderet,
1119 2673 1208 2728 esset

208 2761 415 2861 obnoxius,
427 2787 576 2870 reperta
587 2768 742 2843 fuissent
759 2770 885 2869 aliqua
897 2772 944 2843 ad
953 2788 1094 2845 tantam
1108 2775 1209 2846 istam

207 2890 334 2961 cordis
365 2886 666 2986 magnitudinem
698 2885 905 2966 referenda.
933 2895 978 2960 Et
997 2916 1209 2988 quanquam

204 3007 242 3078 in
266 3007 442 3080 allisione
459 3005 521 3075 illa
537 3005 625 3076 satis
646 3029 764 3078 causae
781 3003 868 3093 fuit,
894 3031 963 3078 cur
979 3005 1112 3104 pulmo
1129 3006 1210 3078 dex·

202 3138 258 3196 ter
281 3122 641 3208 inflammationem,
682 3137 719 3194 et
746 3147 791 3193 ex
815 3121 886 3194 hac
911 3125 1211 3222 in'suppuratio·

200 3267 290 3314 nem
320 3256 557 3330 transeunte,
574 3239 788 3312 abscessum
808 3239 1067 3330 contraheret,
1090 3265 1110 3312 a
1133 3243 1211 3314 veri

200 3375 329 3432 tamen
349 3359 593 3432 similitudine
608 3359 774 3430 alienum
797 3375 966 3448 nonest,
993 3385 1039 3431 eo
1069 3357 1212 3432 facilius

202 3479 451 3565 contraxisse,
472 3477 576 3574 quod
592 3477 668 3572 jam
686 3492 794 3548 antea
823 3476 1070 3575 pulmones‘a
1097 3477 1212 3550 corde

197 3578 408 3668 illiusmodi
424 3611 503 3667 tum
526 3595 753 3693 compressi,
772 3609 855 3666 tum
883 3593 933 3666 ob
957 3595 1083 3666 minus
1101 3619 1212 3694 expe-

198 3711 317 3785 ditam
337 3737 404 3812 per
423 3699 568 3810 ipsum,
591 3726 630 3782 et
643 3710 748 3809 quod
767 3714 1029 3808 consequitur,
1058 3733 1127 3807 per
1147 3733 1212 3782 eos

195 3855 354 3927 quoque
375 3831 565 3927 sanguinis
584 3827 863 3900 traductionem
883 3828 1014 3925 laxati,
1036 3825 1207 3898 adhunc

189 3945 435 4020 retinendum
459 3949 489 4020 si
508 3969 607 4020 nova
636 3946 820 4046 quapiam
846 3967 955 4020 causa
997 3943 1211 4018 accederetr
