2854 4660
224 434 293 480 um.
307 433 358 490 ru.⁸
373 435 420 482 ou
436 433 779 498 nonmscflmuno,
794 427 862 482 etc.
876 436 987 482 umsr.
1007 437 1054 483 m.
1083 411 1154 514 357
1187 420 1190 424 ’

147 543 295 644 hepatis
313 545 453 618 indicia
468 547 709 634 sint‚.vulnus
722 562 847 619 autem
867 549 997 645 capitis
1014 551 1155 622 siccum

147 661 233 750 fiat,
251 679 314 736 aut
331 678 502 761 repente,
527 679 562 736 et
582 679 715 762 praeter
738 667 922 736 rationem
947 667 1073 739 minus
1092 669 1156 740 det

146 784 272 880 puriS,
311 782 492 885 suspicari
520 782 625 868 licet,
648 781 844 878 plurimis,
871 807 962 880 quas
993 784 1066 883 legi
1088 785 1155 857 ob·

147 899 422 972 servatiouibus
442 897 773 988 confirmantibus,
787 925 880 998 rpus*
890 902 930 970 in
944 901 1053 998 jecur
1074 927 1154 976 esse

144 1032 423 1105 transvectum3
441 1041 501 1089 res
520 1031 645 1088 tamen
662 1033 860 1114 procerte
880 1003 959 1088 non
984 1035 1038 1090 est
1063 1045 1156 1118 prae-

145 1132 318 1204 dicenda.
338 1131 494 1204 Subesse
519 1135 620 1203 enim
642 1159 919 1232 nonnunquam
947 1150 1071 1232 potest
1087 1137 1154 1208 ali-

144 1274 223 1348 qua
236 1252 429 1347 signorum
445 1248 603 1339 fallacia,
619 1253 693 1324 sive
709 1251 787 1342 haec
803 1253 921 1324 multa
936 1268 1153 1346 occurrant,
1174 1299 1176 1305 ·

143 1369 222 1442 sive
242 1369 353 1440 etiam
375 1369 525 1438 omnia„
608 1425 611 1432 ,
677 1371 680 1378 ’

195 1485 251 1558 23.
272 1490 367 1559 Nam
382 1485 627 1556 siMolinellii
645 1485 698 1582 (1)
724 1485 1024 1564 observationem
1051 1485 1154 1586 legas

139 1605 183 1674 in
202 1607 284 1674 viro
304 1605 365 1674 cui
384 1603 494 1674 simul
513 1617 624 1700 atque
645 1604 765 1675 sanies
781 1629 932 1676 manare
950 1605 1111 1678 desierat
1131 1631 1151 1676 e

138 1721 273 1818 capitis
285 1720 441 1793 uulnere
458 1721 628 1807 ,tumere
647 1737 830 1818 coeperat,
862 1737 898 1794 et
917 1723 1064 1794 intendi
1083 1723 1150 1794 ab

139 1838 305 1924 domen‚
324 1823 394 1908 nec
412 1837 545 1906 vitium
561 1851 687 1908 tamen
700 1839 740 1906 in
747 1832 916 1932 jecinore
924 1835 1003 1910 emt
1012 1840 1150 1930 ullum,

140 1955 208 2027 sed
222 1955 488 2026 intestinorum
510 1951 748 2050 superficiem
769 1955 939 2051 quaedam
967 1957 1074 2051 quasi
1098 1957 1151 2028 ul-

142 2073 297 2144 cuscula
311 2069 503 2143 foedabant
526 2094 611 2140 cum
626 2071 743 2142 multa
761 2073 883 2160 sanie,
901 2053 1150 2170 et'quamplu·

138 2191 247 2262 rimis
261 2190 424 2286 disjectis
441 2188 517 2258 buc
536 2187 706 2285 illucque
723 2187 930 2260 tuberculis
939 2216 954 2277 ;ι
969 2187 1074 2260 facile
1091 2190 1150 2261 iu-

136 2309 305 2406 telliges‚
325 2309 354 2380 si
369 2309 456 2377 vitia
471 2305 549 2398 baec
565 2331 646 2376 eam
663 2301 899 2404 potissimum
914 2306 1150 2382 obsedissent

139 2451 226 2526 quae
243 2431 352 2522 Jecur
370 2425 542 2523 proxime
563 2423 731 2520 subjecta
745 2425 953 2522 contingit,
980 2424 1149 2496 intestini

121 2543 218 2614 'coli
246 2557 417 2642 partem3
444 2539 614 2612 futurum
645 2539 777 2631 fuisse,
800 2557 842 2612 ut
862 2541 1058 2640 complura
1074 2557 1149 2614 tra-

139 2661 246 2734 ducti
263 2662 302 2730 in
321 2662 430 2756 jecur
447 2661 575 2757 puris,
602 2657 745 2731 fallacia
760 2675 918 2748 tamen,
952 2662 1147 2755 convenis-

139 2793 224 2852 sent
240 2777 399 2848 indicia:
421 2778 513 2874 quin
537 2779 648 2848 etiam
673 2775 755 2850 fieri
777 2777 983 2876 aliquando
1003 2793 1147 2878 potest,

137 2911 184 2970 ut
203 2897 431 2968 conveniant
448 2896 645 2983 uniuersa,
672 2911 709 2966 et
729 2895 977 2977 nihilominus
1001 2895 1149 2968 fallatur
1214 2985 1217 3010 Ι

137 3015 172 3088 is
189 3015 339 3112 quipus
356 3015 396 3083 in
416 3013 585 3108 jecinore
600 3013 776 3110 praedicat
792 3015 989 3084 inventum
1008 3014 1064 3081 iri.
1078 3015 1152 3084 Fac

138 3133 242 3205 enim
256 3131 400 3228 relegas
414 3153 507 3228 quas
526 3127 593 3200 tibi
620 3131 821 3202 novissime
835 3117 1041 3226 descripsi,
1062 3127 1149 3231 Val-

139 3249 249 3324 salvae
263 3249 557 3320 observationes.
590 3249 733 3344 Nempe
755 3247 957 3318 tubercula
980 3245 1149 3343 plerum·

139 3391 217 3466 que
236 3367 405 3438 invenies
429 3366 504 3436 sive
537 3365 587 3444 in,
606 3363 874 3461 pulmonibus,
901 3366 976 3436 sive
1000 3364 1040 3432 in
1067 3364 1149 3460 ipso

140 3487 254 3557 etiam
276 3485 404 3578 jecore
431 3507 508 3552 non
528 3483 655 3554 omnia
678 3479 789 3554 fuisse
812 3495 1038 3578 suppurata,
1056 3482 1149 3577 quin

139 3601 252 3702 plura
272 3599 462 3706 interdum
484 3597 774 3696 (2)'glandulosi
799 3601 970 3696 corporis
997 3595 1152 3668 firmitu·
1233 3617 1237 3626 ·

185 3885 228 3966 (1)
250 3889 330 3966 Loco
343 3887 433 3960 paulo
445 3895 517 3964 ante·
526 3883 669 3942 indicato.

187 3985 232 4064 (u)
254 3987 292 4044 N.
317 4005 364 4058 17·
