2854 4660
272 403 344 490 344
437 425 484 470 us
510 421 657 470 sumnus
683 423 726 472 ur
752 422 878 472 causis
902 424 1114 474 uonsonuu

269 535 360 608 dum
397 534 569 608 sensibus
611 535 786 624 occultae,
829 536 1120 608 constitutiones
1143 537 1280 608 vitium

270 652 546 741 communiter,
565 669 626 724 aut
643 651 818 724 morbum
838 652 952 726 alium
971 654 1118 728 addunt
1135 654 1282 727 morbis

267 775 309 845 in
324 797 369 844 eo
389 787 562 870 tempore
575 770 903 868 contingentibus,
921 786 964 842 ut
980 796 1075 870 saepe
1088 798 1109 844 a
1124 773 1284 844 medicis

269 891 490 964 adnotatum
504 904 576 977 est,
593 888 813 973 vulneribus
828 891 1031 986 praesertim
1043 888 1121 962 fere
1133 891 1282 962 cunctis

269 1031 528 1106 gangrarum,
556 1007 658 1078 velut
694 1007 803 1078 annis
831 1006 1092 1104 superioribus
1125 1010 1285 1080 Lutetiae

267 1128 492 1198 Parisiorum
504 1123 582 1222 (ι),
596 1125 763 1220 itemque
782 1125 823 1196 in
837 1149 880 1196 ea
899 1125 980 1222 ipsa
992 1125 1038 1198 de
1057 1150 1134 1222 qua
1156 1150 1285 1198 sermo

269 1260 343 1333 est,
362 1241 457 1314 urbe
471 1241 729 1338 Bononiensi(
757 1237 786 1338 ).

324 1366 377 1450 14.
393 1360 622 1432 Adolescens
636 1383 778 1430 annum
790 1383 904 1457 agens
917 1357 1285 1456 duodevigesimum,

270 1478 440 1576 gracilis,
468 1492 504 1548 ct
531 1474 702 1576 subnigri
730 1476 885 1560 coloris,
907 1477 1009 1572 jacto
1042 1475 1168 1575 lapide
1203 1503 1286 1575 per·

271 1619 403 1668 cussus
417 1593 469 1664 'ad
491 1594 652 1664 alterum
668 1595 806 1664 ossium
824 1594 1024 1692 sincipitis,
1038 1619 1122 1692 ¹qua
1142 1620 1190 1665 ex
1202 1597 1287 1693 ipso

270 1713 490 1812 temporalis
520 1713 641 1783 oritur
667 1712 882 1800 musculus,
911 1711 1070 1784 biduum
1103 1715 1286 1812 transegit

272 1833 352 1906 sine
374 1830 473 1919 ullo,
494 1831 524 1902 si
543 1828 687 1902 febrem
706 1830 890 1928 excipias,
911 1829 1017 1926 quod
1037 1829 1285 1903 adnotatione

273 1949 431 2048 dignum
444 1949 1154 2046 esset,symptomate.P0steaautemin
1167 1951 1286 2020 &Ma-

240 2151 243 2156 ¹
272 2068 335 2138 riae
354 2067 401 2138 de
425 2068 509 2137 Vita
535 2066 757 2137 nosocomio
776 2063 1031 2138 decumbenti
1056 2064 1198 2136 vulnus
1225 2065 1285 2138 die

272 2201 377 2258 sexto
392 2181 601 2256 factumest
620 2183 776 2254 lividum
794 2209 803 2271 ;
831 2181 936 2280 quod
954 2207 1063 2254 exeo
1081 2182 1284 2280 prodibat,

270 2303 514 2392 vehementer
531 2299 712 2390 fetidum3
732 2316 769 2372 et
784 2298 899 2372 febris
918 2315 1035 2372 acuta.
1068 2301 1132 2372 His
1162 2294 1286 2399 prope

272 2435 446 2493 octavum
470 2442 651 2518 soporosa
671 2420 826 2490 accessit
850 2415 1019 2506 affecti03
1048 2433 1091 2489 ut
1119 2421 1286 2492 interro·

272 2554 378 2636 gatus
391 2538 536 2609 nemini
549 2536 807 2636 responderet.
836 2536 1035 2608 Interdum
1059 2538 1286 2634 suspiriosas

274 2653 469 2728 emittebat
483 2639 605 2727 voces.¹
632 2655 759 2728 Facies
776 2667 854 2726 tota
873 2651 968 2726 facta
986 2670 1065 2726 erat
1087 2654 1235 2728 tumida
1250 2668 1286 2726 et

269 2770 490 2860 ssavassum
518 2771 576 2843 bis
593 2771 772 2844 omnibus
798 2770 846 2842 ad
871 2771 1117 2844 undecimum
1150 2797 1286 2869 perve-

272 2891 330 2962 nit
345 2887 468 2978 diem,
490 2915 567 2986 quo
589 2914 674 2972 curn
691 2891 835 2988 ingenti
856 2891 1207 2988 superexpirationc
1227 2891 1286 2962 iu·

270 3009 381 3079 teriit.
407 3007 573 3080 Cadaver
592 3009 810 3078 universum
831 3008 973 3080 icterici
991 3007 1204 3080 videbatur.
1230 3013 1285 3080 Ex

272 3125 428 3197 vulnere
461 3123 663 3223 purulenta
693 3125 847 3196 materia
878 3125 1007 3222 plures
1037 3124 1109 3198 sibi
1144 3111 1296 3196 fecerat⁴

275 3246 353 3314 vias
380 3247 479 3314 inter
499 3243 669 3314 cranium
690 3257 727 3314 et
761 3257 911 3314 cutem:
930 3266 1041 3340 quam
1068 3243 1180 3314 etiam
1203 3267 1285 3314 ero-

270 3375 381 3458 'ser-at.
403 3364 454 3432 Os
475 3375 600 3432 autem
622 3385 643 3430 a
661 3357 796 3458 lapidis
812 3361 890 3430 ictu
911 3359 1054 3476 aliquid
1070 3361 1284 3458 asperitatis

195 3703 197 3708 ·
311 3675 356 3750 (ι)
377 3673 619 3730 MoloninMem.
636 3675 1029 3751 de'l’Academieroyaledes
1042 3675 1196 3748 Sciences,
1210 3697 1280 3733 ann.

273 3783 345 3848 1741
365 3786 394 3831 et
413 3773 499 3848 1748.

301 3869 354 3952 tn)
375 3875 444 3932 Vid.
461 3877 622 3933 Commerc.
637 3875 739 3942 Litter.
757 3893 826 3932 ann.
847 3875 940 3948 1738,
956 3876 1045 3936 hebd.
1062 3883 1117 3950 42,
1130 3897 1169 3936 u.
1188 3897 1215 3950 1,
1230 3877 1279 3936 sed

270 3983 299 4032 ct
311 3974 376 4031 aliis
386 3987 491 4051 postea
502 3976 587 4036 annis
601 3975 679 4034 idern
692 3975 801 4033 accidit
813 3975 935 4034 ibidem.
