2812 4656
313 387 385 470 ποίῃ
477 405 524 452 nn
550 402 697 452 anninus
720 404 766 450 er
790 401 915 456 cauma
940 402 1149 453 uonuoruu
1197 453 1200 459 ,

303 534 450 606 staret,
471 534 551 590 tum
579 517 627 590 ad
649 517 881 622 semunciam
901 517 1087 615 inprime
1107 517 1250 590 haustu
1265 541 1319 589 su·

301 637 492 712 mendum
510 635 622 724 dedi;
645 635 835 733 reliquum
857 650 1003 724 autem,
1031 634 1137 734 quod
1160 634 1318 734 triplum

301 771 408 845 erat,
422 758 462 826 in
478 755 600 828 multo
611 755 778 826 minores
787 767 913 852 partes
929 778 998 852 per
1009 755 1110 850 justa
1123 754 1319 826 intervalla

310 853 496 950 distribui.
513 871 797 969 anueratione
814 872 1010 943 consecuti
1028 891 1180 959 sumne,
1204 894 1257 940 ne
1270 870 1320 940 in·

306 1005 465 1092 grueret
484 989 649 1064 accessio
673 989 804 1074 tertia,
839 970 976 1086 procul
1006 986 1125 1060 dubio
1160 1011 1319 1086 aegrum,

301 1135 424 1208 -quem
437 1105 603 1181 secunda
621 1129 741 1204 prope
759 1103 989 1196 confecerat,
1010 1105 1220 1178 sublatura.
1254 1103 1317 1178 Sed
1376 1169 1377 1174 ,

300 1253 358 1302 ne
373 1224 539 1299 secunda
556 1223 711 1321 quidem
739 1223 959 1322 ingruisset,
988 1223 1019 1296 si
1038 1224 1079 1294 in
1106 1224 1244 1321 primae
1267 1247 1318 1293 re-
1376 1211 1377 1284 ζ

302 1346 489 1418 missione
501 1342 602 1414 idem
624 1339 746 1414 facere
765 1341 930 1414 venisset
955 1343 1002 1424 in,
1023 1356 1222 1429 mentem.¹
1241 1344 1318 1412 Non
1376 1331 1377 1360 ³

304 1463 413 1540 uenit
431 1474 574 1547 autem,
601 1461 811 1534 introrsum
829 1460 929 1532 versi
949 1458 1202 1557 erysipelatis,
1222 1455 1317 1557 quod
1376 1461 1377 1466 ’

310 1593 458 1656 certum
472 1593 570 1667 erat,
583 1579 776 1650 materiam
794 1575 1069 1676 spectantibus,
1089 1601 1169 1648 non
1187 1575 1318 1664 febris,
1376 1609 1377 1648 3

302 1722 446 1796 quam,
463 1721 542 1768 non
560 1681 872 1798 consecutam‚ut
885 1696 1021 1792 saepius
1033 1695 1130 1769 solet
1145 1695 1248 1768 mala
1264 1693 1319 1764 ilfa
1376 1753 1377 1756 ,

313 1815 527 1913 gravissima
539 1867 549 1902 ,
562 1812 816 1901 sedattulisse,
832 1828 870 1886 et
879 1812 1110 1911 periodicam
1119 1837 1225 1901 esse,
1243 1811 1318 1910 quis

279 1964 292 1978 ·
313 1932 520 2012 divinaret?
542 1931 698 2030 quando
719 1955 844 2029 neque
868 1931 1018 2004 initium
1040 1931 1160 2028 ipsius
1181 1931 1318 2003 viderat

314 2051 537 2149 quisquam,
571 2073 698 2146 neque
730 2049 870 2120 Patavii
894 2073 936 2120 ea
959 2062 1183 2146 tempestate
1211 2046 1317 2120 febris

314 2169 392 2242 ulla
409 2169 489 2264 ejus
503 2167 652 2266 generis
666 2182 746 2240 erat
768 2167 1044 2256 animadversa3
1062 2168 1134 2240 etsi
1154 2191 1226 2265 per
1243 2164 1317 2236 illos

315 2285 410 2374 dies,
432 2301 475 2358 ut
494 2300 624 2384 postea
646 2286 847 2374 novimus,
870 2286 910 2356 in
929 2274 1083 2375 civitate
1093 2309 1174 2356 non
1188 2286 1242 2358 ita
1255 2283 1316 2354 dis·
1376 2285 1377 2296 ’

314 2405 382 2476 sita
397 2403 527 2476 eadem
543 2401 686 2492 fuerat,
699 2427 916 2502 aegrumque
925 2402 1109 2476 illustrem
1119 2455 1129 2492 ‚
1141 2402 1237 2490 dum
1248 2425 1317 2474 cor·
1376 2405 1377 2496 ᾗ

300 2522 398 2594 ticis
421 2520 563 2594 oblatio
577 2521 625 2594 ab
649 2547 725 2594 una
753 2521 800 2594 ad
823 2523 981 2604 alteram
1008 2503 1317 2594 intermissionem
1376 2501 1377 2572 f

314 2635 547 2728 differretur,
561 2640 733 2737 proxima
748 2640 961 2714 accessione
969 2639 1217 2736 jugulaverat.
1231 2643 1317 2732 Qua·
1376 2629 1377 2696 ἶ

313 2754 488 2828 mobrem
502 2771 561 2845 tu,
582 2759 689 2854 cujus
715 2759 833 2856 gratia
858 2757 937 2830 haeo
961 2758 1111 2856 scripsi,
1138 2755 1316 2856 siquando
1376 2753 1377 2844 f

315 2897 421 2948 casus
442 2875 723 2971 ejusdemmodi
733 2877 893 2965 incidat,
924 2877 1031 2973 cujus
1046 2877 1200 2948 initium
1220 2879 1319 2975 igno-
1376 2915 1377 2920 =

302 3008 393 3064 tum
414 2995 480 3082 sit,
504 2997 654 3068 tametsi
677 3019 789 3066 causa
812 3019 892 3068 esse
918 2991 1116 3068 manifesta
1134 2995 1318 3080 videatur3
1376 3035 1377 3088 ;

300 3111 396 3182 ‚noli
419 3113 593 3184 omittere
616 3111 663 3184 de
689 3127 825 3183 natura
843 3110 1025 3201 febrium,
1044 3135 1128 3210 quae
1153 3126 1249 3184 tunc
1267 3135 1319 3183 va·
1376 3091 1377 3164 ἶ

315 3244 452 3328 gentur
470 3230 818 3328 percunctationes3
839 3254 964 3328 neque
990 3231 1093 3302 enim
1119 3253 1272 3328 semper
1288 3225 1319 3298 id
1376 3247 1377 3314 †

294 3347 421 3452 (quod
436 3347 548 3420 nobis
563 3347 723 3429 accidet,
745 3364 788 3419 ut
807 3373 889 3446 quae
909 3349 1032 3448 prima
1049 3347 1258 3446 perniciosi
1268 3371 1319 3446 ge·

314 3464 417 3536 neris
433 3466 583 3554 existat,
603 3489 646 3538 ea
664 3464 735 3538 tibi
755 3466 924 3538 curanda
939 3466 1129 3540 obveniat.
1376 3461 1377 3482 ¹

304 3637 308 3646 .
329 3659 332 3663 ,
366 3581 424 3652 31.
443 3585 523 3653 Nec
538 3607 650 3670 vero,
671 3583 702 3654 si
719 3608 815 3681 aeger
829 3609 909 3656 non
929 3609 1043 3658 senex
1056 3584 1122 3673 sit,
1142 3580 1321 3680 ejusmodi
1376 3603 1377 3686 1

316 3683 667 3772 febrisimmuuem
698 3699 779 3772 fore
806 3701 973 3792 credito,
1010 3716 1221 3800 propterea
1243 3701 1322 3798 quia

302 3817 437 3891 doctis
454 3819 543 3889 viris
561 3819 681 3916 ipsam
702 3835 808 3892 nunc
821 3819 966 3918 placeat
985 3821 1128 3914 febrim
1150 3822 1322 3890 intermit·
1376 3819 1377 3872 ἶ

317 3949 452 4008 tentem
470 3959 599 4012 senum
625 3960 849 4036 soporatam
875 3961 1022 4014 vocare.
1052 3937 1133 4014 Etsi
1156 3961 1200 4016 ea
1224 3947 1322 4012 aetatte¹
1376 3987 1377 3994 κ
