2812 4656
301 443 373 492 220
461 445 508 492 DE
534 441 679 493 sumnus
704 443 748 490 ET
773 441 897 492 cussis
923 437 1132 492 MORBORUK

298 691 1314 716 mmmmm

287 921 295 934 -
390 891 625 968 susrom
648 859 1152 966 susroulcou'uutcn
1176 889 1219 966 t.

573 1127 713 1221 Agitur
729 1122 778 1194 de
799 1123 1031 1198 Tumoribus.

271 1433 273 1440 ,
300 1307 450 1482 Quos
478 1377 635 1452 morbos
664 1377 786 1452 statim
813 1393 901 1478 post
918 1377 1042 1452 febres
1065 1377 1242 1476 plerique
1261 1375 1307 1449 fa·
1398 1365 1399 1406 ¹

297 1495 368 1568 cile
383 1497 691 1595 proposuissent,
707 1493 970 1584 Arthritidem,
988 1495 1090 1568 luem
1106 1519 1305 1586 veneram,

288 1613 390 1686 ‘alios
405 1613 651 1710 ejuscemodi,
677 1619 821 1687 Boueto
847 1615 989 1713 placuit
1010 1611 1239 1702 differre,·et
1254 1615 1303 1686 iu·

294 1745 353 1804 ter
373 1729 444 1802 hos
466 1727 665 1831 febresque
688 1732 901 1828 interjicere
923 1747 1113 1820 tumores,
1130 1729 1306 1822 vulnera,

294 1847 444 1937 ulcera,
464 1863 500 1922 et
515 1876 597 1950 quse
614 1850 685 1922 alia
704 1849 752 1922 ad
770 1849 998 1960 chirurgiam
1015 1863 1199 1949 spectant.
1216 1853 1303 1942 Quae

285 1961 468 2057 facultas,
500 1993 586 2040 cum
625 1969 789 2054 minime,
816 1969 988 2068 ignores,
1005 1981 1303 2065 ¹quantopere'a

292 2084 463 2158 Valsalva
485 2086 654 2160 adamata
675 2089 740 2177 sit,
766 2102 803 2159 et
833 2086 1001 2174 exculta,
1020 2105 1024 2116 ’
1041 2083 1200 2157 fortasse
1229 2085 1302 2182 jam

294 2202 497 2302 plurimas,
533 2207 712 2278 siminus
736 2229 780 2277 ex
801 2229 888 2293 me,
914 2227 1027 2302 quem
1049 2203 1176 2289 nosti,
1205 2226 1300 2290 uon,

293 2321 350 2392 uti
374 2320 421 2394 ad
446 2337 685 2396 mortuorum
707 2323 912 2409 sectiones,
939 2321 989 2392 ita
1006 2319 1054 2393 ad
1070 2321 1301 2407 viventium,

293 2426 429 2510 natura
452 2463 532 2512 esse
551 2439 713 2528 fuctum,
743 2451 898 2511 atcerte
919 2463 964 2508 ex
985 2436 1051 2508 illo
1073 2434 1300 2510 observatio·

292 2579 361 2628 nes
382 2572 564 2653 expectas.
585 2562 662 2630 Nec
682 2572 786 2629 tuam
805 2571 843 2628 te
864 2552 1036 2628 fefellisse
1060 2554 1300 2653 opinionem,

292 2697 337 2743 ex
353 2675 535 2771 proximis
551 2675 684 2748 litteris
697 2697 1014 2774 cognosces,quu
1029 2687 1141 2744 erunt
1160 2667 1209 2744 de
1225 2671 1298 2744 vul·

291 2790 459 2864 neribus.
488 2793 621 2892 Neque
639 2793 702 2864 ille
720 2809 846 2865 tamen
861 2815 999 2891 paucas
1012 2789 1146 2863 habuit
1163 2789 1211 2861 de
1228 2793 1298 2861 Tu·

289 2907 461 2982 moribus
478 2908 770 2982 observationes.
796 2913 939 2983 Verum
957 2907 1047 2980 alias
1063 2905 1204 2978 chartis
1221 2929 1297 2978 non

293 3028 503 3117 commisit,
531 3028 622 3102 alias
650 3027 839 3101 commisit
866 3026 1039 3125 quidem3
1074 3024 1144 3097 sed¹
1173 3048 1299 3096 earum
1400 3011 1401 3102 l

291 3144 436 3244 aliquot
452 3159 517 3218 aut
533 3146 613 3244 ipse
629 3146 816 3244 vulgavit,
836 3159 900 3221 aut
930 3169 1001 3274 epo
1025 3142 1107 3214 aliis
1134 3141 1297 3241 epistolis
1400 3131 1401 3186 i

288 3261 480 3362 descripsi.
502 3266 591 3354 Quae
612 3264 823 3336 omniahac
841 3261 1018 3334 indicabo
1038 3260 1221 3333 duntaxat
1234 3316 1244 3350 ,
1256 3274 1297 3334 ut

290 3380 459 3478 relegere
485 3383 626 3479 possis,
647 3383 677 3454 si
698 3382 810 3470 velis,
834 3379 931 3451 nihil
957 3393 1082 3452 autem
1109 3393 1296 3475 repetam,

291 3499 367 3570 sive
384 3497 485 3571 illius
505 3501 571 3587 sit,
587 3500 662 3570 sive
684 3503 822 3572 meum.
849 3499 900 3570 Ut
929 3499 1031 3570 euim
1061 3496 1296 3594 Sepulchreti

289 3614 483 3704 ordinem,
518 3616 802 3714 qualiscumque
826 3616 857 3686 is
882 3615 943 3700 sit,
975 3612 1295 3712 quemadmodum
1400 3655 1401 3662 t

287 3732 366 3806 fere
384 3733 517 3807 solitus
529 3757 631 3823 sum,
662 3734 725 3806 hic
743 3735 854 3805 etiam
872 3757 1030 3830 sequar;
1055 3756 1135 3806 nou
1162 3753 1294 3829 sequar

287 3869 412 3925 tamen
436 3853 691 3951 repetitiones.
711 3853 882 3943 Quarum
902 3850 1037 3947 aliquae'
1060 3873 1141 3922 non
1165 3847 1291 3934 modo,

199 4053 201 4057 ,
285 3985 327 4045 ut
337 3969 483 4060 multae,
498 3969 602 4043 haud
615 3984 704 4045 suut
716 3969 867 4044 illarum
878 3965 1291 4065 observationum,quae
