2828 4652
298 386 367 484 176
457 407 504 454 na
530 403 677 454 saniaus
702 403 746 452 ur
771 399 896 454 ciuus
921 401 1133 464 noaaorutr

294 527 415 600 libera
429 515 512 596 fieri
528 545 606 593 non
628 535 765 619 posset.
790 524 933 594 Verum
950 535 1041 596 »tam
1067 523 1185 624 longo
1208 537 1314 598 tem-

294 669 390 744 pore
410 657 452 714 ut
470 637 584 714 febris
603 663 682 712 non
704 640 897 728 discessit,
928 641 980 712 sic
997 667 1047 714 ue
1068 667 1204 741 parum
1223 648 1314 741 qui·

295 763 382 836 dem
399 757 510 832 facies
523 756 709 844 concidit,
734 755 800 830 sed
815 755 928 856 plena
946 760 1126 857 perstitit,
1146 785 1219 832 nec
1234 787 1313 832 un-

297 903 410 978 quam
444 876 592 976 pallida.
620 877 753 974 ltaque
783 899 868 948 cum
898 877 976 973 jam
1007 876 1162 950 tandem
1192 875 1313 952 febris

296 995 429 1068 abiisse
446 995 656 1082 videretur,
678 1009 716 1066 et
737 995 844 1094 virgo
859 995 1098 1085 surrexisset,
1129 1019 1220 1068 eece
1237 996 1312 1068 ite-

294 1139 382 1184 rum
405 1111 537 1203 febris,
563 1127 606 1184 ut
626 1113 688 1210 ,illi
706 1121 1015 1212 expectaverant,
1045 1137 1085 1186 se
1114 1113 1310 1212 prodidit,

296 1257 416 1330 eaque
435 1253 506 1302 nec
538 1229 651 1319 levis,
671 1244 713 1302 ut
731 1231 875 1304 solebat
900 1245 1035 1320 antea,
1066 1255 1138 1304 uec
1160 1256 1310 1331 paucos

295 1349 343 1421 ad
365 1349 466 1436 dies,
493 1346 616 1420 donec
650 1373 737 1420 cum
776 1348 1012 1447 plenitudine
1039 1347 1104 1422 illa
1134 1353 1309 1450 corporis

295 1467 408 1556 abiit,
420 1492 500 1539 non
520 1465 697 1539 reditura.
714 1467 841 1539 Nolim
861 1491 977 1556 vero,
1005 1491 1052 1540 ex
1068 1465 1187 1565 hujus
1201 1493 1311 1544 casus

296 1585 537 1675 narratione,
553 1586 593 1656 in
623 1609 702 1684 quo
725 1581 787 1656 ille
811 1583 929 1658 sudor
955 1585 1082 1659 miuus
1103 1587 1247 1682 juvisse
1269 1589 1309 1660 in

296 1703 464 1776 tollenda
483 1704 620 1791 acutie,
642 1725 755 1801 quam
779 1702 953 1774 nocuisse
972 1703 1013 1774 in
1035 1701 1308 1800 producenda,

296 1821 446 1896 tamdiu
456 1818 560 1894 febre
575 1819 696 1892 videri
713 1833 859 1919 potest,
870 1819 991 1892 nolim
1003 1871 1013 1909 ,
1027 1821 1308 1918 iuquam,exiis

83 2005 87 2013 .
189 2005 197 2017 ,
297 1964 357 2012 me
371 1964 450 2014 esse
470 1939 619 2028 credas,
639 1940 757 2037 quiin
773 1941 892 2010 acutis
910 1935 1080 2012 febribus
1098 1937 1230 2014 sudori
1249 1940 1307 2013 rel

296 2060 413 2158 magis
434 2057 706 2146 adversantur,
731 2077 846 2154 quam
863 2056 978 2155 paulo
1002 2071 1088 2130 aute
1104 2056 1207 2129 hanc
1226 2083 1306 2130 me·

295 2178 455 2248 moriam
479 2173 756 2272 dejectionibus
778 2173 1067 2248 adversarentur
1086 2175 1225 2248 medici
1255 2176 1307 2248 illi

296 2295 362 2393 qui
380 2296 512 2392 saepius
526 2318 644 2392 aegros
661 2292 893 2388 ejuscemodi
910 2319 931 2364 a
947 2295 1159 2392 propinatis
1176 2295 1307 2394 ,dejeo

295 2413 402 2484 toriis
426 2411 638 2510 pharmacis
668 2411 803 2484 misere
831 2409 1000 2484 sublatos
1030 2411 1308 2486 animadverte-

181 2623 182 2627 *
295 2543 391 2604 rant.
423 2529 570 2600 Scilicet
607 2527 703 2602 nihil
735 2528 939 2627 proclivius
973 2544 1028 2602 est
1066 2528 1307 2623 homiuibus,

296 2670 427 2746 quam,
447 2662 490 2718 ut
518 2646 565 2719 ab
585 2663 755 2718 extremo
781 2671 910 2720 errore
938 2647 1066 2746 aliquo
1097 2645 1308 2748 refugiant,

256 2773 259 2780 '
295 2767 336 2837 iu
371 2763 530 2839 alterum
564 2779 774 2838 extremum
802 2789 964 2836 currere.
995 2765 1084 2836 Aliae
1113 2768 1308 2864 regiones,

296 2883 367 2955 alia
394 2884 484 2974 anui
503 2898 694 2983 tempora,
715 2884 794 2954 aliae
811 2899 957 2972 aetates,
983 2883 1061 2955 aliae
1084 2885 1204 2975 vires,
1230 2889 1307 2959 alia

219 3039 222 3042 ·
296 3025 521 3100 corporum,
544 3018 580 3074 et
599 3001 844 3092 morborum,
877 3018 914 3074 et
943 2991 1147 3075 causarum
1174 3005 1308 3078 coadi-

292 3118 525 3194 tionesaliud
534 3116 670 3190 ferunt.
680 3117 993 3193 Sednullaeferme
1003 3121 1166 3194 violenta
1178 3118 1307 3194 ferunt

295 3239 374 3311 sine
391 3236 579 3335 pericula,
598 3237 796 3335 multoque
814 3239 959 3327 minus,
979 3239 1008 3309 si
1021 3241 1177 3310 materia
1190 3240 1307 3312 cruda

294 3370 368 3442 est,
383 3367 447 3424 aut
461 3354 492 3423 si
503 3369 629 3442 cocta,
643 3379 722 3424 non
735 3379 781 3426 eo
798 3353 951 3426 ducitur
964 3379 1039 3453 quo
1054 3362 1221 3428 rnaoeime
1239 3381 1306 3427 na·

294 3487 380 3542 tura
400 3475 542 3565 vergit,
565 3486 614 3550 ut
630 3473 871 3570 Hippocratis
889 3471 944 3568 (1)
962 3472 1088 3544 verbis
1111 3489 1197 3545 utar
1210 3527 1220 3562 ,
1230 3499 1307 3574 per

294 3587 380 3660 loca
397 3589 640 3678 confhrentr'a.
669 3593 810 3663 Natura
835 3606 961 3663 autem
981 3615 1106 3689 neque
1135 3615 1305 3692 semper,

294 3815 693 3840 W

333 3962 378 4042 (1)
399 3964 477 4022 Sect«
498 3978 529 4034 r,
546 3955 679 4038 spbar.
