2812 4656
282 468 352 516 222
449 466 496 512 nn
523 458 670 512 sannaus
695 463 739 509 nr
766 458 890 512 causis
917 453 1130 514 nonnosum
1217 505 1232 525 ,

275 577 382 680 parte
402 571 518 666 duro,
541 575 729 676 oblongo,
752 577 814 648 o'vi
840 570 928 676 galli
955 577 1078 651 Indici
1101 577 1297 678 magnitu-
1388 633 1390 670 2

276 697 406 770 dinem
426 709 617 794 aequante,
635 695 743 790 cujus
767 709 846 766 erat
861 694 961 768 basis
986 695 1027 768 in
1048 693 1225 794 ejusdem
1243 693 1296 767 la·
1389 679 1390 694 ¹

275 815 367 887 teris
384 813 520 885 arteria
542 809 728 901 carmide,
748 812 850 884 unde
873 829 1022 886 sursunt
1042 829 1210 913 pergens
1232 832 1297 887 us*
1389 809 1390 820 ¹

277 957 351 1031 que
379 930 426 1004 ad
445 931 525 1027 ejus
544 930 689 1002 arteriae
714 925 958 1019 divisionem,
976 928 1193 1003 finiebatur.
1227 928 1297 1002 Hic

276 1039 483 1146 aliquando
519 1033 692 1136 d'olebat;
720 1045 925 1146 aliquando
956 1039 1104 1120 nullum
1134 1061 1299 1148 prorsus

277 1163 458 1239 afferebat
475 1158 659 1237 dolorem.
683 1163 850 1237 Tandem
877 1167 1009 1265 viginti
1033 1165 1186 1240 circiter
1204 1177 1294 1239 ante

277 1295 440 1355 mortem
462 1275 618 1370 diebus,
641 1275 810 1354 crebrius
829 1307 965 1355 vexare
987 1283 1119 1382 coepit,
1147 1284 1190 1354 in
1212 1285 1294 1383 ipsa

278 1401 486 1500 praesertim
500 1399 665 1499 laryngis
674 1401 842 1498 regione,
855 1415 896 1472 u't
911 1401 1192 1499 'cumpeculiati
1202 1424 1295 1499 quo

279 1515 366 1590 dam
385 1529 544 1590 stertore
559 1515 928 1616 cogeretaerespirare,
945 1519 1143 1591 cuicomes
1159 1528 1242 1591 erat
1254 1519 1294 1589 in

281 1651 433 1736 gutture
452 1635 606 1733 quidam
620 1634 766 1708 ardorl's
782 1649 922 1708 sensus.
941 1630 1073 1734 Itaque
1091 1627 1294 1709 mulierem
1389 1665 1390 1704 l

281 1751 452 1826 confecit.
472 1752 570 1827 Nolo
581 1748 659 1847 hic,-
674 1765 717 1824 ut
734 1753 1060 1826 intumorealtero
1073 1746 1163 1844 ieci,-
1176 1773 1293 1854 quem

281 1873 321 1943 in
341 1873 490 1944 sinistra
509 1869 633 1970 juguli
659 1879 764 1969 parte
785 1869 924 1942 durum
946 1873 1109 1969 pariter,
1132 1887 1171 1944 et
1188 1871 1293 1944 nulla

282 1989 489 2062 memorata
518 1987 756 2086 pulsatione,
787 1987 959 2061 Valsalva
991 1986 1192 2088 descripsit
1218 1990 1292 2087 (1),

281 2123 383 2180 meas
411 2106 480 2179 tibi
505 2105 741 2204 conjecturas
767 2127 1004 2208 proponere:
1025 2109 1129 2206 ipse,
1152 2121 1197 2180 ut
1216 2127 1293 2180 ma-

280 2223 416 2313 lueris,
432 2221 631 2320 judicabis.
665 2227 744 2323 Ego
774 2239 865 2296 vero
889 2224 937 2296 ad
967 2227 1128 2298 certiora
1154 2229 1293 2300 exseri·

281 2337 607 2416 bcn'datransibo.
722 2338 724 2344 ’

332 2467 366 2548 4.
383 2459 530 2557 Virgini
552 2459 693 2557 ingenii
714 2449 850 2548 vividi,¹
871 2475 953 2558 quae
970 2457 1115 2559 aliquot
1131 2461 1209 2558 jam
1229 2481 1294 2536 an·

283 2601 373 2664 nos,
391 2589 549 2675 propter
567 2591 711 2648 aetatem
732 2575 779 2648 a'd
807 2579 1167 2678 quinquagesimum
1187 2580 1291 2654 clici·

284 2706 343 2766 ter
366 2687 609 2792 perductam,
645 2695 850 2768 menstruis
879 2695 1028 2769 carebat
1056 2701 1292 2797 purgationi·
1388 2683 1389 2686 Ἴ

283 2811 374 2900 bus,
401 2831 603 2910 cancrosus
627 2827 754 2884 tumor
783 2813 823 2883 in
857 2811 988 2885 dextro
1022 2815 1135 2889 latere
1171 2837 1290 2916 prope
1388 2797 1389 2890 l

285 2930 431 3001 axillam
447 2928 606 3001 obortus
634 2941 699 3001 est.
734 2932 801 3001 Hic
822 2931 999 3028 paulatim
1020 2933 1059 3002 in
1083 2927 1293 3026 crassitudi»

285 3070 373 3119 nem
387 3045 541 3145 quidem
561 3063 715 3146 parum,
732 3047 799 3118 sed
815 3047 977 3119 multum
993 3050 1032 3120 in
1054 3039 1291 3124 latitudinem

286 3177 323 3238 et
335 3161 611 3266 longitudinem
628 3165 763 3254 crevit,
776 3181 818 3237 ut
836 3163 883 3237 ad
901 3167 1049 3238 axillam
1064 3173 1290 3267 perveniret.

285 3284 481 3354 Proximus
501 3297 605 3352 artus
623 3281 807 3354 oedemate
820 3285 1009 3357 intumuit.
1037 3290 1203 3360 Accessit
1219 3304 1292 3361 tus·

285 3400 355 3486 sis,
381 3414 535 3496 sputum
556 3401 718 3470 materiae
740 3401 988 3492 columbulis,
1010 3405 1179 3502 spirandi
1193 3401 1291 3476 'diffi-

288 3515 557 3604 cultas‚multa
576 3517 673 3604 sitis,
701 3533 738 3588 et
754 3543 857 3590 mors
870 3519 1045 3618 denique.
1068 3525 1211 3594 Tumor
1233 3545 1289 3593 cas

288 3630 429 3736 quibus
447 3632 652 3722 insederat,
667 3651 810 3732 partes,
834 3627 1025 3734 'quantum
1041 3639 1194 3738 quidem
1209 3663 1286 3738 per·
1387 3677 1388 3686 κ

328 4005 375 4086 (ι)
394 4006 488 4084 Epist.
507 4023 560 4077 17,
579 4027 610 4064 n.
627 4026 662 4084 19
675 4019 704 4064 et
717 4025 765 4066 ao.
