2812 4656
283 397 355 472 250
449 423 496 468 nn
522 419 668 468 anninus
695 419 738 466 nr
763 415 888 466 causis
914 415 1125 476 nonnosum

277 535 466 636 patebant
482 535 522 606 in
538 549 794 608 transversum
815 533 908 606 secti
928 535 1036 631 quasi
1056 531 1223 631 cylindri
1245 537 1303 606 di-

286 654 394 753 gituli
420 653 667 726 crassitudine
692 651 847 750 singuli,
882 651 1081 748 exquibus
1102 651 1306 724 constabat

285 771 534 872 pedunculus.
553 775 630 844 Hos
649 771 764 870 igitur
783 770 1066 868 persequendo,
1079 769 1178 840 nihil
1199 769 1305 842 aliud

172 949 174 956 ,
285 914 364 963 esse
382 905 573 962 tumorem
591 888 687 975 vidi,
709 911 824 986 quam
841 907 972 962 aarum
991 887 1305 987 productionem.

285 1008 493 1108 crassiores
523 1009 624 1080 enim
656 1005 764 1096 iacti,
800 1003 1020 1104 inequales,
1058 1005 1245 1096 flexuosi,
1268 1009 1306 1078 in

285 1127 490 1228 pluresque
513 1125 654 1222 singuli
672 1126 781 1197 divisi
801 1125 1017 1198 universam
1037 1125 1141 1196 illam
1162 1122 1308 1200 efficis·

287 1243 382 1318 bant
399 1243 549 1314 molem.
561 1245 639 1315 Nec
656 1243 836 1342 scalpello
857 1264 952 1344 opus
971 1258 1051 1315 erat
1071 1257 1114 1314 ut
1133 1243 1309 1342 sejunge·

286 1387 389 1446 rem3
409 1362 536 1460 digitis
552 1363 686 1434 melius
699 1360 894 1434 etfacilius
906 1413 916 1450 ,
930 1363 1067 1434 sensim
1085 1361 1308 1460 pergendo,

291 1479 597 1578 sejungebamur.
617 1480 756 1553 Eadem
768 1497 892 1554 autem
908 1495 945 1554 et
958 1481 997 1552 in
1009 1480 1261 1579 pedunculo,
1277 1488 1311 1552 ei

289 1596 433 1694 ubique
450 1621 583 1670 eorum
609 1613 797 1671 structura
814 1614 851 1672 et
867 1595 1103 1682 naturantis,
1123 1598 1310 1668 nimirum

291 1739 374 1813 quaa
388 1713 550 1812 adiposae
574 1716 885 1803 membranaeest‚
898 1731 941 1788 ut
960 1715 1057 1788 nihil
1074 1714 1123 1787 ab
1143 1713 1220 1786 ltac
1238 1709 1312 1786 dti-

293 1848 489 1932 creparet,
520 1837 596 1906 sive
623 1835 854 1924 ambientes,
875 1837 1169 1932 interJ‘eotasque
1193 1847 1311 1905 mem·

290 1950 488 2039 branulas,
506 1953 582 2024 siue
604 1953 781 2042 mollem,
812 1953 949 2051 digitos
963 1959 1196 2052 ungentem,
1218 1961 1311 2024 etex

291 2069 377 2144 albo
399 2069 446 2142 sd
466 2067 888 2168 llavnminclinantem,
918 2071 1039 2170 qualis
1066 2071 1107 2142 in
1137 2071 1311 2169 corpori·

292 2187 365 2262 bus
395 2203 452 2260 est
482 2190 706 2278 sanissimis,
732 2189 1004 2288 pinguedinem
1037 2207 1153 2292 quarn
1190 2187 1311 2262 conti*

293 2305 456 2396 nebant,
485 2321 683 2404 spectares.
704 2311 800 2380 Vasa
816 2305 1049 2406 sangnifera,
1078 2307 1153 2403 nisi
1169 2305 1230 2380 ad
1253 2326 1310 2378 su-

291 2449 460 2524 premam
478 2440 644 2522 partem,
659 2447 778 2526 eaque
792 2427 941 2513 tenuia,
952 2425 1058 2522 quod
1071 2441 1119 2496 ex
1139 2422 1314 2496 animam

246 2611 249 2616 .
294 2543 412 2614 versis
450 2543 489 2610 in
521 2545 779 2640 amputatione
817 2542 986 2616 futurum
1016 2561 1314 2641 praesenseram,

296 2659 401 2732 nulla
421 2659 461 2731 in
482 2661 613 2732 oculos
633 2663 887 2736 incurrerunt.
905 2667 1100 2735 'Caeterum
1121 2676 1214 2732 cute
1232 2659 1311 2731 uni·

294 2801 425 2849 versus
437 2762 567 2851 tumor
578 2780 800 2878 cingebatur
814 2781 929 2880 paulo
940 2781 1141 2867 crassiore,
1155 2793 1202 2850 ut
1220 2776 1311 2851 scalt

190 2882 192 2898 '
300 2893 401 2994 pello
420 2896 458 2966 in
474 2895 567 2968 duas
579 2897 735 2971 laminas
748 2899 915 2972 dividere
929 2899 1070 2968 liceret.

348 3019 406 3102 24.
436 3013 615 3088 Praeclare
643 3039 688 3087 ex
714 3015 785 3089 hac
817 3017 1104 3103 observatione,
1141 3029 1180 3086 et
1203 3033 1250 3086 ex
1273 3036 1312 3086 ca

297 3155 411 3230 quam
430 3131 478 3202 ad
496 3131 742 3206 Schrockium
765 3136 869 3221 misi,
898 3153 986 3210 cunt
1004 3133 1075 3204 hac
1096 3134 1136 3202 in
1163 3154 1207 3204 re
1225 3155 1313 3230 qua·-

299 3275 372 3348 que
394 3253 582 3348 praecipua
604 3239 919 3340 convenientem,
956 3265 994 3325 te
1021 3263 1311 3350 perspecturum

297 3391 379 3446 non
398 3367 550 3455 dubito,
566 3385 735 3443 tumores
759 3371 830 3443 hos
851 3371 967 3459 duos,
991 3395 1012 3441 a
1032 3393 1092 3440 me
1111 3369 1311 3454 dissectos,

297 3483 395 3566 nihil
410 3487 482 3556 nisi
497 3491 770 3564 excrescentins
782 3487 893 3562 litisse
904 3490 1022 3586 ipsius
1037 3508 1121 3584 qnae
1141 3486 1215 3558 sub
1229 3499 1311 3558 cute

300 3616 374 3688 est,
393 3603 622 3676 membrana
638 3606 823 3704 adiposae,
838 3609 983 3707 quippe
997 3630 1076 3676 non
1094 3630 1139 3677 ex
1153 3606 1312 3702 pingue·

302 3718 391 3792 dine
413 3722 546 3818 magis,
567 3729 738 3797 minusve
765 3725 922 3822 liquida,
945 3741 981 3796 et
1015 3724 1201 3823 peculiari
1222 3721 1312 3818 cysti

303 3837 474 3936 undique
494 3838 787 3938 comprehensa,
799 3843 864 3916 sed
879 3845 924 3915 dx
944 3839 1179 3942 pinguedine
1197 3839 1315 3911 factos

306 3955 449 4048 cellulis
461 3958 613 4036 inclusa
627 3961 907 4054 membraneis,
936 3981 1018 4038 non
1040 3959 1171 4036 eadem
1190 3959 1312 4034 solnm
