2872 4660
243 545 248 552 ,
285 499 305 545 2
456 489 504 540 ns
528 488 676 540 moinus
701 489 744 538 ar
770 485 894 538 cauus
918 489 1127 540 uonronurr

285 607 487 680 mellorum
514 604 698 701 originem
726 602 938 675 observatio
967 604 1035 676 ista
1053 603 1108 701 (1)
1133 601 1294 678 Gerardi

285 724 408 808 Blasii,
427 723 493 820 qui
515 722 665 792 testium
691 720 896 806 vesiculas,
913 746 962 792 ne
993 721 1115 798 dicam
1142 721 1293 819 hydati-

283 839 482 914 demfacile
494 836 806 936 quamdamextra
820 837 958 908 horum
970 839 1130 910 alterum
1146 839 1293 913 haeren-

283 977 380 1046 tem,
409 959 488 1030 sine
514 955 590 1028 ulla
610 954 844 1026 dubitatione
865 954 979 1028 habet
1006 981 1076 1054 pro
1101 959 1210 1030 ovis?
1234 960 1293 1032 vel

283 1077 376 1176 quid
394 1075 442 1146 ad
468 1073 639 1146 eamdent
660 1073 845 1172 originem
867 1073 936 1144 ista
961 1095 1043 1170 quae
1070 1073 1293 1172 subjicitur,

282 1189 500 1294 appendix?
518 1194 557 1262 in
568 1217 642 1288 qua
655 1246 664 1281 ,
677 1205 718 1262 ut
738 1191 808 1262 alia
824 1207 1042 1288 praeteream
1054 1247 1064 1282 ,
1076 1218 1096 1264 a
1108 1196 1293 1267 sententia

280 1314 391 1386 Blasii
410 1337 487 1382 non
507 1309 778 1407 discrepantia,
796 1334 894 1379 aura
922 1310 1113 1382 senrinalis
1129 1337 1205 1410 per
1223 1339 1294 1385 vas

281 1429 466 1524 deferens,
495 1433 569 1500 sire
589 1423 740 1497 ductam
761 1427 923 1514 brevem,
943 1425 982 1496 id
1013 1443 1068 1498 est
1087 1430 1192 1501 testis
1209 1432 1294 1500 vin-

282 1549 409 1622 culum
425 1546 541 1634 teres,
564 1561 605 1617 ut
623 1545 781 1642 opinor,
809 1544 1002 1643 adipsum
1027 1571 1142 1644 usquc
1159 1562 1293 1622 testem

246 1715 247 1718 =
281 1666 509 1753 traducitur,
535 1665 643 1762 quasi
664 1689 710 1736 eo
738 1663 892 1734 vinculo
919 1663 1214 1763 quadrupedum
1241 1664 1294 1738 fe·

280 1787 389 1857 minae
399 1808 478 1855 non
493 1796 678 1853 carerent:
692 1787 753 1852 ovi
769 1779 903 1853 ductus
916 1781 1152 1878 gallinarum
1171 1800 1294 1856 rectus

280 1925 364 1985 esse
379 1897 517 1984 dicitur
537 1914 576 1969 ct
589 1897 738 1986 laxior;
751 1903 791 1969 in
811 1897 963 1970 homine
981 1924 1074 1972 vero
1092 1916 1290 1996 angustus,

280 2037 316 2093 et
334 2018 442 2090 valde
467 2033 653 2088 tortuosus
660 2045 673 2104 ;
694 2019 801 2114 quasi
820 2041 908 2088 cnm
945 2019 984 2088 in
1005 2017 1143 2114 gallina
1174 2020 1292 2092 laxior
1333 2115 1335 2120 Ι

281 2154 358 2224 est,
377 2163 456 2208 non
476 2135 588 2208 simul
603 2151 718 2223 esset,
739 2151 883 2232 quanto
900 2133 1077 2207 muliebri
1098 2135 1189 2208 tuba
1207 2139 1290 2208 lon-

279 2256 380 2354 gior,
400 2268 504 2324 tauto
518 2253 649 2338 etiam,
668 2251 706 2321 id
725 2268 780 2323 est
803 2267 939 2350 praeter
963 2277 1117 2323 omnem
1138 2279 1290 2350 compa·

278 2374 463 2444 rationem
475 2370 711 2458 ,tortuosior
733 2369 984 2442 Addunturct
996 2365 1091 2460 haec3
1108 2366 1288 2441 tubarum

280 2513 366 2564 cum
394 2488 552 2561 testibus
572 2490 759 2560 connexio
776 2501 831 2560 est
850 2489 968 2587 magis
986 2483 1219 2589 indaganda,
1239 2513 1288 2563 ne

278 2608 375 2681 forte
389 2631 472 2704 quae
492 2607 632 2678 laciniae
660 2631 725 2678 seu
739 2599 896 2678 fimbriae
921 2606 1069 2678 illarum
1090 2609 1290 2698 dicuntur,

275 2722 434 2824 ¹«illectus
447 2725 520 2796 sint
537 2723 806 2822 disruptionis,
819 2723 994 2798 videlicet
1010 2749 1059 2798 ne
1080 2725 1180 2798 tubae
1199 2749 1288 2799 cunr

276 2859 386 2916 antea
406 2841 563 2913 testibus
577 2841 788 2913 secundum
806 2856 978 2912 naturam
997 2840 1152 2916 fortasse
1168 2843 1289 2916 adha-

278 2963 431 3048 s‘issent,
450 2959 498 3031 ab
514 2959 586 3030 illis
594 2985 672 3058 per
689 2965 892 3047 incuriam,
913 2959 1004 3031 dum
1029 2967 1204 3032 intestina
1222 2987 1288 3033 ex-

179 3137 182 3144 ,
278 3079 497 3166 trahuntur,
528 3083 774 3150 communiter
802 3079 1147 3176 abrumperenticr5
1179 3083 1287 3178 quasi

273 3197 373 3268 tubae
405 3221 449 3266 ex
480 3195 591 3293 longe
622 3199 840 3266 tenuissima
874 3195 1096 3280 membrana
1126 3189 1304 3287 fierent,

275 3328 413 3386 earum
433 3327 557 3383 autem
589 3309 747 3388 fimbriae
778 3337 820 3383 ea
850 3313 1058 3402 slructura,
1084 3313 1286 3414 figuraque

275 3447 416 3519 essent,
436 3445 479 3502 ut
498 3445 652 3527 possent
676 3429 829 3502 adeum
853 3430 1010 3502 modum
1026 3433 1210 3529 produci:
1230 3449 1286 3507 est

272 3551 372 3622 inter
389 3548 486 3619 uteri
505 3549 708 3632 cervicem,
733 3562 770 3618 et
790 3558 922 3644 testem
950 3548 1045 3619 alter
1065 3552 1132 3648 qni
1155 3571 1284 3624 semen

272 3667 502 3752 transvehit,
525 3664 679 3751 ductus,
709 3667 776 3761 qui
799 3665 988 3737 cervicalis
1012 3667 1089 3740 dici
1111 3689 1189 3740 noa
1216 3672 1285 3742 ab·

313 4039 357 4118 (1)
379 4047 394 4107 l,
411 4039 440 4094 in
457 4049 526 4095 sect.
543 4040 590 4110 37.
