2854 4660
308 441 380 516 308
468 463 516 512 ns
541 461 687 512 stemus
712 465 756 510 rr
782 463 906 514 causis
931 467 1142 524 uouromnt

307 555 475 675 reliquiae
495 577 889 674 aliquaesupererant,
901 579 1049 654 ossibus
1065 569 1307 658 adhaerentes.

308 699 398 768 Ossa
418 709 542 766 autem
563 695 644 792 ipsa
664 718 820 790 quoque
846 712 953 768 erant
979 723 1024 768 ex
1052 716 1159 797 parte
1189 726 1311 792 erosa,

305 837 443 910 nempe
457 813 609 884 illorum
629 836 726 910 quos
736 812 852 884 modo
860 813 956 901 dixi,
971 839 1219 912 processuum
1231 831 1312 917 pos

305 933 423 1006 terior
437 927 549 1004 facies
566 943 603 1002 et
620 953 773 1002 summae
791 928 926 1004 fibulae.

356 1048 412 1122 56.
439 1055 519 1120 Jam
553 1072 643 1120 vero
672 1073 692 1118 a
719 1072 894 1120 vasorum
922 1065 1071 1122 tumore
1095 1052 1145 1124 ad
1173 1056 1311 1126 ossium
1410 1128 1411 1135 χ

305 1181 516 1250 tumorem,
538 1164 579 1236 id
607 1180 662 1236 est
689 1167 890 1238 exustosim
917 1168 1129 1257 veniamus,
1158 1171 1313 1244 minime
1409 1169 1410 1180 ’

303 1284 375 1368 hac
392 1285 546 1382 quidam
566 1283 722 1381 epistola
749 1283 900 1356 solliciti
916 1309 1016 1371 cum*
1032 1285 1314 1360 Schelhammc-
1409 1349 1410 1356 ,

304 1427 349 1474 ro
371 1402 443 1498 (1),
468 1417 561 1472 nu'm
585 1402 784 1488 exostosis‚
811 1425 998 1490 sarcoma,
1023 1390 1211 1502 polypus,
1247 1407 1314 1478 alia

305 1518 491 1617 ejusmodi
520 1519 607 1590 satis
632 1533 733 1590 recte
755 1519 854 1590 inter
885 1534 1055 1592 tumores
1083 1520 1313 1614 referantur,

304 1661 430 1735 neque
444 1661 532 1709 cum
545 1637 678 1708 Bidloo
690 1637 744 1734 (α)
755 1691 766 1726 ,
778 1661 868 1708 num
881 1639 920 1708 in
932 1637 1087 1712 homine
1100 1643 1313 1737 quicoetero

304 1779 464 1853 corpore
483 1779 560 1826 non
580 1756 627 1828 sit
645 1779 792 1842 sanus‚.
814 1756 907 1828 ossis
933 1769 1062 1830 tumor
1084 1760 1214 1829 vocari
1236 1785 1313 1831 non

195 1923 197 1927 -
303 1874 422 1974 possit
436 1876 639 1960 exostosis‚
658 1874 862 1970 praesertim
878 1873 1033 1971 quando
1053 1878 1229 1948 Gorraeus
1244 1877 1312 1974 (3),

188 4023 212 4052 l

302 1995 342 2064 in
358 1992 536 2090 propriis
549 1990 794 2089 modicarum¹
809 2015 948 2062 vocum
972 1991 1313 2090 significationibus

303 2108 565 2210 proponendis
597 2111 917 2198 accuratissimus,
947 2110 1132 2208 polypum
1156 2138 1234 2183 esse
1264 2130 1313 2184 tu·

301 2253 460 2316 morem,
474 2225 624 2300 ,diserte
644 2229 709 2314 ait,
731 2243 920 2300 exostoses
936 2243 1067 2300 autem
1092 2254 1169 2301 esse
1193 2247 1312 2302 tumo-

301 2371 359 2418 res
385 2347 495 2442 etiam
523 2344 680 2416 Gallico·
696 2347 827 2419 morbo
857 2345 1117 2418 laborantibus
1129 2351 1312 2445 frequen·

301 2477 364 2548 tes.
391 2465 565 2566 Attamen
592 2477 639 2544 ut
664 2464 809 2535 nemini
832 2485 1094 2560 repugnavero
1115 2467 1183 2561 qui
1211 2489 1312 2538 exos·

301 2581 393 2653 tusis
411 2581 568 2652 nomine
585 2580 706 2668 malit,
726 2580 1015 2677 quasiquodam
1032 2605 1170 2679 genere
1191 2598 1313 2656 tumo-

301 2723 362 2772 res
381 2699 522 2768 ossium
552 2697 742 2794 quoslibet
768 2700 835 2795 qui
862 2713 996 2794 praeter
1023 2713 1196 2770 naturam
1220 2703 1313 2789 sint,

302 2813 649 2912 comprehenderc3
683 2815 733 2886 ita
766 2814 928 2911 probare
965 2840 1044 2887 non
1075 2817 1218 2913 possim
1246 2819 1311 2916 qui

302 2934 527 3033 exostosium
544 2947 809 3004 enumerantes
822 2932 1009 3030 exempla,
1023 2934 1211 3006 interhaec
1227 2961 1311 3034 pro·

301 3049 423 3136 ferant
442 3075 524 3147 qnae
542 3075 621 3121 non
639 3066 785 3124 constet
804 3049 851 3120 ad
870 3047 1011 3122 ossium
1036 3067 1205 3126 tumores
1230 3056 1309 3126 atti-

301 3195 414 3256 nere,
428 3184 498 3264 want
515 3169 544 3239 si
561 3167 600 3238 id
620 3183 785 3257 constet,
798 3184 987 3243 exostoses
1003 3170 1043 3240 in
1060 3171 1181 3242 varias
1202 3175 1310 3268 quasi

302 3288 444 3385 species
459 3285 639 3384 peculiari
652 3285 781 3374 addito
794 3301 857 3356 aut
871 3287 1043 3374 nornine,
1053 3303 1118 3358 aut
1127 3287 1309 3383 adjuncto

301 3429 381 3500 non
402 3403 645 3501 distinguant.
667 3406 847 3500 'Spectare
869 3403 916 3474 ad
946 3405 1087 3476 ossium
1116 3421 1306 3478 tumorem

245 3508 247 3512 ’
301 3545 382 3608 non
405 3535 551 3591 constat
569 3535 829 3599 monstrosum
852 3519 1110 3598 brachiumiu
1133 3522 1306 3598 observa·

294 3696 638 3720 u———u—-h—-t

305 3819 384 3899 (ι)
405 3820 546 3876 Dehum.
559 3839 643 3898 corp.
663 3830 774 3876 tumor.
791 3839 909 3893 s.1‚n.
925 3821 952 3877 3.
1010 3792 1015 3796 .

341 3917 384 3998 (a)
405 3921 476 3976 Dec.
493 3937 527 3990 u,
544 3910 663 3979 exercit.
675 3931 755 3975 anat.
768 3919 844 3976 chit:
856 3939 884 3995 9.
962 3967 984 4002 ,μ
1049 3920 1054 3937 ’

339 4019 383 4099 13)
404 4019 492 4078 Dcfin
503 4021 609 4087 medic.
625 4019 657 4076 in
667 4015 797 4093 ventsse,
811 4032 840 4078 et
851 4021 883 4076 in
893 4013 1031 4096 E’3isaea.
