<?xml version="1.0" encoding="UTF-8"?>
<!DOCTYPE html PUBLIC "-//W3C//DTD XHTML 1.0 Transitional//EN"
    "http://www.w3.org/TR/xhtml1/DTD/xhtml1-transitional.dtd">
<html xmlns="http://www.w3.org/1999/xhtml" xml:lang="en" lang="en">
 <head>
  <title>
</title>
<meta http-equiv="Content-Type" content="text/html;charset=utf-8" />
  <meta name='ocr-system' content='tesseract 3.04.00' />
  <meta name='ocr-capabilities' content='ocr_page ocr_carea ocr_par ocr_line ocrx_word'/>
</head>
<body>
  <div class='ocr_page' id='page_1' title='image "./desedibusetcaus03adelgoog_0250.png"; bbox 0 0 2812 4656; ppageno 0'>
   <div class='ocr_carea' id='block_1_1' title="bbox 262 437 1100 540">
    <p class='ocr_par' dir='ltr' id='par_1_1' title="bbox 262 437 1100 540">
     <span class='ocr_line' id='line_1_1' title="bbox 262 437 1100 540; baseline -0.042 -14"><span class='ocrx_word' id='word_1_1' title='bbox 262 454 332 540; x_wconf 73' lang='lat'><strong>²44</strong></span> <span class='ocrx_word' id='word_1_2' title='bbox 426 467 472 513; x_wconf 81' lang='lat' dir='ltr'><strong>aa</strong></span> <span class='ocrx_word' id='word_1_3' title='bbox 499 455 646 512; x_wconf 77' lang='lat' dir='ltr'><strong>armans</strong></span> <span class='ocrx_word' id='word_1_4' title='bbox 659 455 715 502; x_wconf 82' lang='lat' dir='ltr'><strong>m</strong></span> <span class='ocrx_word' id='word_1_5' title='bbox 740 442 864 498; x_wconf 78' lang='lat' dir='ltr'><strong>crans</strong></span> <span class='ocrx_word' id='word_1_6' title='bbox 887 437 1100 524; x_wconf 67' lang='lat' dir='ltr'><strong>atoariorum</strong></span> 
     </span>
    </p>
   </div>
   <div class='ocr_carea' id='block_1_2' title="bbox 258 557 1282 2068">
    <p class='ocr_par' dir='ltr' id='par_1_2' title="bbox 258 557 1282 2068">
     <span class='ocr_line' id='line_1_2' title="bbox 259 557 1275 668; baseline -0.038 -5"><span class='ocrx_word' id='word_1_7' title='bbox 259 603 296 663; x_wconf 90' lang='lat' dir='ltr'><strong>et</strong></span> <span class='ocrx_word' id='word_1_8' title='bbox 311 583 501 658; x_wconf 87' lang='lat' dir='ltr'><strong>Heistcrus</strong></span> <span class='ocrx_word' id='word_1_9' title='bbox 519 572 574 668; x_wconf 90' lang='lat'><strong>(1)</strong></span> <span class='ocrx_word' id='word_1_10' title='bbox 597 569 856 642; x_wconf 80' lang='lat' dir='ltr'><strong>observarunt.</strong></span> <span class='ocrx_word' id='word_1_11' title='bbox 888 558 959 632; x_wconf 88' lang='lat' dir='ltr'><strong>Sed</strong></span> <span class='ocrx_word' id='word_1_12' title='bbox 986 573 1025 630; x_wconf 82' lang='lat' dir='ltr'><strong>et</strong></span> <span class='ocrx_word' id='word_1_13' title='bbox 1054 557 1133 629; x_wconf 68' lang='lat' dir='ltr'><strong>alim</strong></span> <span class='ocrx_word' id='word_1_14' title='bbox 1155 580 1275 653; x_wconf 87' lang='lat' dir='ltr'><strong>pecu·</strong></span> 
     </span>
     <span class='ocr_line' id='line_1_3' title="bbox 258 674 1276 784; baseline -0.035 -7"><span class='ocrx_word' id='word_1_15' title='bbox 258 707 369 776; x_wconf 81' lang='lat' dir='ltr'><strong>lieres</strong></span> <span class='ocrx_word' id='word_1_16' title='bbox 397 713 592 768; x_wconf 89' lang='lat' dir='ltr'><strong>tumorum</strong></span> <span class='ocrx_word' id='word_1_17' title='bbox 625 683 767 784; x_wconf 88' lang='lat' dir='ltr'><strong>speeies</strong></span> <span class='ocrx_word' id='word_1_18' title='bbox 798 693 909 764; x_wconf 85' lang='lat' dir='ltr'><strong>sunt,</strong></span> <span class='ocrx_word' id='word_1_19' title='bbox 940 674 1102 773; x_wconf 85' lang='lat' dir='ltr'><strong>exempli</strong></span> <span class='ocrx_word' id='word_1_20' title='bbox 1140 695 1276 758; x_wconf 85' lang='lat' dir='ltr'><strong>causa,</strong></span> 
     </span>
     <span class='ocr_line' id='line_1_4' title="bbox 259 789 1278 920; baseline -0.037 -26"><span class='ocrx_word' id='word_1_21' title='bbox 259 842 372 920; x_wconf 87' lang='lat' dir='ltr'><strong>quam</strong></span> <span class='ocrx_word' id='word_1_22' title='bbox 394 816 548 885; x_wconf 89' lang='lat' dir='ltr'><strong>nemine</strong></span> <span class='ocrx_word' id='word_1_23' title='bbox 568 804 685 878; x_wconf 78' lang='lat' dir='ltr'><strong>ferme</strong></span> <span class='ocrx_word' id='word_1_24' title='bbox 711 808 924 896; x_wconf 76' lang='lat' dir='ltr'><strong>praeeunte,</strong></span> <span class='ocrx_word' id='word_1_25' title='bbox 941 790 1132 877; x_wconf 87' lang='lat' dir='ltr'><strong>exhibuit,</strong></span> <span class='ocrx_word' id='word_1_26' title='bbox 1156 789 1278 859; x_wconf 77' lang='lat' dir='ltr'><strong>Salta-</strong></span> 
     </span>
     <span class='ocr_line' id='line_1_5' title="bbox 260 907 1279 1011; baseline -0.037 0"><span class='ocrx_word' id='word_1_27' title='bbox 260 957 402 1011; x_wconf 88' lang='lat' dir='ltr'><strong>manno</strong></span> <span class='ocrx_word' id='word_1_28' title='bbox 421 922 597 1006; x_wconf 84' lang='lat' dir='ltr'><strong>Praeside‚</strong></span> <span class='ocrx_word' id='word_1_29' title='bbox 617 925 673 990; x_wconf 90' lang='lat' dir='ltr'><strong>Jo.</strong></span> <span class='ocrx_word' id='word_1_30' title='bbox 694 914 831 986; x_wconf 85' lang='lat' dir='ltr'><strong>Paulus</strong></span> <span class='ocrx_word' id='word_1_31' title='bbox 855 910 999 982; x_wconf 80' lang='lat' dir='ltr'><strong>Kellius</strong></span> <span class='ocrx_word' id='word_1_32' title='bbox 1013 907 1084 1005; x_wconf 78' lang='lat' dir='ltr'><strong>(a),</strong></span> <span class='ocrx_word' id='word_1_33' title='bbox 1098 919 1279 978; x_wconf 84' lang='lat' dir='ltr'><strong>constan·</strong></span> 
     </span>
     <span class='ocr_line' id='line_1_6' title="bbox 258 1020 1279 1138; baseline -0.038 -10"><span class='ocrx_word' id='word_1_34' title='bbox 258 1072 334 1128; x_wconf 88' lang='lat' dir='ltr'><strong>tem</strong></span> <span class='ocrx_word' id='word_1_35' title='bbox 364 1073 409 1121; x_wconf 85' lang='lat' dir='ltr'><strong>ert</strong></span> <span class='ocrx_word' id='word_1_36' title='bbox 427 1045 516 1118; x_wconf 89' lang='lat' dir='ltr'><strong>solis</strong></span> <span class='ocrx_word' id='word_1_37' title='bbox 535 1032 816 1138; x_wconf 84' lang='lat' dir='ltr'>propemodum</span> <span class='ocrx_word' id='word_1_38' title='bbox 837 1025 1088 1112; x_wconf 83' lang='lat' dir='ltr'><strong>membranis,</strong></span> <span class='ocrx_word' id='word_1_39' title='bbox 1113 1047 1204 1120; x_wconf 81' lang='lat' dir='ltr'><strong>quae</strong></span> <span class='ocrx_word' id='word_1_40' title='bbox 1230 1020 1279 1091; x_wconf 90' lang='lat' dir='ltr'><strong>la·</strong></span> 
     </span>
     <span class='ocr_line' id='line_1_7' title="bbox 260 1139 1279 1249; baseline -0.037 -4"><span class='ocrx_word' id='word_1_41' title='bbox 260 1167 442 1244; x_wconf 86' lang='lat' dir='ltr'><strong>mellatim</strong></span> <span class='ocrx_word' id='word_1_42' title='bbox 458 1161 536 1234; x_wconf 84' lang='lat' dir='ltr'><strong>aliae</strong></span> <span class='ocrx_word' id='word_1_43' title='bbox 554 1155 635 1227; x_wconf 88' lang='lat' dir='ltr'><strong>aliis</strong></span> <span class='ocrx_word' id='word_1_44' title='bbox 651 1149 834 1249; x_wconf 76' lang='lat' dir='ltr'><strong>impositae</strong></span> <span class='ocrx_word' id='word_1_45' title='bbox 853 1161 1044 1216; x_wconf 88' lang='lat' dir='ltr'><strong>tumorem</strong></span> <span class='ocrx_word' id='word_1_46' title='bbox 1065 1143 1104 1212; x_wconf 90' lang='lat' dir='ltr'><strong>in</strong></span> <span class='ocrx_word' id='word_1_47' title='bbox 1124 1139 1279 1211; x_wconf 88' lang='lat' dir='ltr'><strong>cervice</strong></span> 
     </span>
     <span class='ocr_line' id='line_1_8' title="bbox 262 1259 1281 1373; baseline -0.04 -12"><span class='ocrx_word' id='word_1_48' title='bbox 262 1285 469 1364; x_wconf 80' lang='lat' dir='ltr'><strong>effecerant</strong></span> <span class='ocrx_word' id='word_1_49' title='bbox 492 1286 704 1373; x_wconf 71' lang='lat' dir='ltr'><strong>aequantem</strong></span> <span class='ocrx_word' id='word_1_50' title='bbox 735 1263 906 1364; x_wconf 89' lang='lat' dir='ltr'><strong>pondere</strong></span> <span class='ocrx_word' id='word_1_51' title='bbox 940 1259 1055 1331; x_wconf 85' lang='lat' dir='ltr'><strong>libras</strong></span> <span class='ocrx_word' id='word_1_52' title='bbox 1085 1259 1281 1355; x_wconf 82' lang='lat' dir='ltr'><strong>quinque,</strong></span> 
     </span>
     <span class='ocr_line' id='line_1_9' title="bbox 263 1371 1280 1498; baseline -0.038 -19"><span class='ocrx_word' id='word_1_53' title='bbox 263 1420 328 1478; x_wconf 86' lang='lat' dir='ltr'><strong>aut</strong></span> <span class='ocrx_word' id='word_1_54' title='bbox 361 1421 475 1498; x_wconf 90' lang='lat' dir='ltr'><strong>quam</strong></span> <span class='ocrx_word' id='word_1_55' title='bbox 508 1405 593 1490; x_wconf 88' lang='lat' dir='ltr'><strong>post</strong></span> <span class='ocrx_word' id='word_1_56' title='bbox 632 1386 750 1468; x_wconf 85' lang='lat' dir='ltr'><strong>alios,</strong></span> <span class='ocrx_word' id='word_1_57' title='bbox 785 1395 822 1454; x_wconf 91' lang='lat' dir='ltr'><strong>et</strong></span> <span class='ocrx_word' id='word_1_58' title='bbox 866 1377 1093 1449; x_wconf 85' lang='lat' dir='ltr'><strong>nominatim</strong></span> <span class='ocrx_word' id='word_1_59' title='bbox 1116 1371 1280 1444; x_wconf 80' lang='lat' dir='ltr'><strong>¹Severi-</strong></span> 
     </span>
     <span class='ocr_line' id='line_1_10' title="bbox 263 1493 1279 1610; baseline -0.039 -14"><span class='ocrx_word' id='word_1_60' title='bbox 263 1545 358 1596; x_wconf 89' lang='lat' dir='ltr'><strong>num</strong></span> <span class='ocrx_word' id='word_1_61' title='bbox 380 1514 459 1610; x_wconf 76' lang='lat'><strong>(3),</strong></span> <span class='ocrx_word' id='word_1_62' title='bbox 498 1500 845 1605; x_wconf 83' lang='lat' dir='ltr'><strong>experientissimus</strong></span> <span class='ocrx_word' id='word_1_63' title='bbox 875 1493 1074 1592; x_wconf 84' lang='lat' dir='ltr'><strong>descripsit</strong></span> <span class='ocrx_word' id='word_1_64' title='bbox 1108 1495 1279 1563; x_wconf 77' lang='lat' dir='ltr'><strong>Benevo</strong></span> 
     </span>
     <span class='ocr_line' id='line_1_11' title="bbox 265 1609 1281 1732; baseline -0.034 -22"><span class='ocrx_word' id='word_1_65' title='bbox 265 1641 326 1712; x_wconf 90' lang='lat' dir='ltr'><strong>lus</strong></span> <span class='ocrx_word' id='word_1_66' title='bbox 340 1634 413 1732; x_wconf 71' lang='grc' dir='ltr'><strong>(Δ),</strong></span> <span class='ocrx_word' id='word_1_67' title='bbox 430 1623 675 1702; x_wconf 80' lang='lat' dir='ltr'><strong>substantiam</strong></span> <span class='ocrx_word' id='word_1_68' title='bbox 694 1616 883 1716; x_wconf 79' lang='lat' dir='ltr'><strong>polyposae</strong></span> <span class='ocrx_word' id='word_1_69' title='bbox 901 1611 1061 1684; x_wconf 85' lang='lat' dir='ltr'><strong>similem</strong></span> <span class='ocrx_word' id='word_1_70' title='bbox 1078 1609 1281 1680; x_wconf 82' lang='lat' dir='ltr'><strong>coutinen-</strong></span> 
     </span>
     <span class='ocr_line' id='line_1_12' title="bbox 263 1725 1282 1844; baseline -0.041 -14"><span class='ocrx_word' id='word_1_71' title='bbox 263 1773 350 1830; x_wconf 87' lang='lat' dir='ltr'><strong>tem.</strong></span> <span class='ocrx_word' id='word_1_72' title='bbox 370 1750 485 1844; x_wconf 87' lang='lat' dir='ltr'><strong>Cujus</strong></span> <span class='ocrx_word' id='word_1_73' title='bbox 502 1738 806 1822; x_wconf 79' lang='lat' dir='ltr'><strong>observationem</strong></span> <span class='ocrx_word' id='word_1_74' title='bbox 823 1732 974 1827; x_wconf 83' lang='lat' dir='ltr'><strong>legens,</strong></span> <span class='ocrx_word' id='word_1_75' title='bbox 993 1729 1033 1797; x_wconf 93' lang='lat' dir='ltr'><strong>in</strong></span> <span class='ocrx_word' id='word_1_76' title='bbox 1053 1725 1282 1799; x_wconf 80' lang='lat' dir='ltr'><strong>memoriam</strong></span> 
     </span>
     <span class='ocr_line' id='line_1_13' title="bbox 266 1841 1282 1956; baseline -0.035 -10"><span class='ocrx_word' id='word_1_77' title='bbox 266 1871 361 1946; x_wconf 90' lang='lat' dir='ltr'><strong>redii</strong></span> <span class='ocrx_word' id='word_1_78' title='bbox 377 1866 550 1956; x_wconf 81' lang='lat' dir='ltr'><strong>alterius,</strong></span> <span class='ocrx_word' id='word_1_79' title='bbox 565 1881 680 1956; x_wconf 90' lang='lat' dir='ltr'><strong>quam</strong></span> <span class='ocrx_word' id='word_1_80' title='bbox 691 1852 802 1950; x_wconf 90' lang='lat' dir='ltr'><strong>junio</strong></span> <span class='ocrx_word' id='word_1_81' title='bbox 820 1845 1051 1920; x_wconf 88' lang='lat' dir='ltr'><strong>menseanni</strong></span> <span class='ocrx_word' id='word_1_82' title='bbox 1073 1841 1189 1941; x_wconf 81' lang='lat'><strong>1735,</strong></span> <span class='ocrx_word' id='word_1_83' title='bbox 1208 1845 1282 1912; x_wconf 89' lang='lat' dir='ltr'><strong>Me·</strong></span> 
     </span>
     <span class='ocr_line' id='line_1_14' title="bbox 265 1960 1279 2068; baseline -0.036 -3"><span class='ocrx_word' id='word_1_84' title='bbox 265 1990 385 2065; x_wconf 88' lang='lat' dir='ltr'><strong>diavia</strong></span> <span class='ocrx_word' id='word_1_85' title='bbox 400 1997 529 2056; x_wconf 81' lang='lat' dir='ltr'><strong>noster</strong></span> <span class='ocrx_word' id='word_1_86' title='bbox 547 1975 681 2050; x_wconf 90' lang='lat' dir='ltr'><strong>eodem</strong></span> <span class='ocrx_word' id='word_1_87' title='bbox 699 1992 776 2068; x_wconf 90' lang='lat' dir='ltr'><strong>quo</strong></span> <span class='ocrx_word' id='word_1_88' title='bbox 786 1965 974 2040; x_wconf 87' lang='lat' dir='ltr'><strong>habuerat</strong></span> <span class='ocrx_word' id='word_1_89' title='bbox 985 1960 1279 2050; x_wconf 89' lang='lat' dir='ltr'><strong>die,nobiscum</strong></span> 
     </span>
    </p>
   </div>
   <div class='ocr_carea' id='block_1_3' title="bbox 268 2103 1281 2310">
    <p class='ocr_par' dir='ltr' id='par_1_3' title="bbox 268 2103 1281 2310">
     <span class='ocr_line' id='line_1_15' title="bbox 268 2103 620 2204; baseline -0.06 -20"><span class='ocrx_word' id='word_1_90' title='bbox 268 2103 620 2204; x_wconf 62' lang='lat' dir='ltr'><strong>communicaverat.</strong></span> 
     </span>
     <span class='ocr_line' id='line_1_16' title="bbox 277 2196 1281 2310; baseline -0.039 -9"><span class='ocrx_word' id='word_1_91' title='bbox 277 2301 280 2310; x_wconf 83' lang='grc'><strong>,</strong></span> <span class='ocrx_word' id='word_1_92' title='bbox 319 2251 375 2298; x_wconf 80' lang='lat'><strong>20.</strong></span> <span class='ocrx_word' id='word_1_93' title='bbox 391 2207 650 2294; x_wconf 85' lang='lat' dir='ltr'><strong>Monachoad</strong></span> <span class='ocrx_word' id='word_1_94' title='bbox 668 2203 808 2278; x_wconf 79' lang='lat' dir='ltr'><strong>rotulae.</strong></span> <span class='ocrx_word' id='word_1_95' title='bbox 826 2199 977 2274; x_wconf 89' lang='lat' dir='ltr'><strong>alterius</strong></span> <span class='ocrx_word' id='word_1_96' title='bbox 1003 2196 1201 2293; x_wconf 81' lang='lat' dir='ltr'><strong>regionem</strong></span> <span class='ocrx_word' id='word_1_97' title='bbox 1224 2209 1281 2264; x_wconf 91' lang='lat' dir='ltr'><strong>tu-</strong></span> 
     </span>
    </p>
   </div>
   <div class='ocr_carea' id='block_1_4' title="bbox 270 2314 1284 2902">
    <p class='ocr_par' dir='ltr' id='par_1_4' title="bbox 270 2314 1284 2902">
     <span class='ocr_line' id='line_1_17' title="bbox 270 2314 1281 2424; baseline -0.037 -6"><span class='ocrx_word' id='word_1_98' title='bbox 270 2370 354 2417; x_wconf 86' lang='lat' dir='ltr'><strong>mor</strong></span> <span class='ocrx_word' id='word_1_99' title='bbox 382 2341 612 2417; x_wconf 82' lang='lat' dir='ltr'><strong>increverat,</strong></span> <span class='ocrx_word' id='word_1_100' title='bbox 641 2347 813 2424; x_wconf 84' lang='lat' dir='ltr'><strong>pugnum</strong></span> <span class='ocrx_word' id='word_1_101' title='bbox 840 2339 1016 2415; x_wconf 86' lang='lat' dir='ltr'><strong>aequans,</strong></span> <span class='ocrx_word' id='word_1_102' title='bbox 1038 2314 1178 2400; x_wconf 91' lang='lat' dir='ltr'><strong>durus,</strong></span> <span class='ocrx_word' id='word_1_103' title='bbox 1206 2333 1281 2382; x_wconf 91' lang='lat' dir='ltr'><strong>mo·</strong></span> 
     </span>
     <span class='ocr_line' id='line_1_18' title="bbox 270 2431 1283 2548; baseline -0.037 -12"><span class='ocrx_word' id='word_1_104' title='bbox 270 2462 374 2548; x_wconf 88' lang='lat' dir='ltr'><strong>bilis,</strong></span> <span class='ocrx_word' id='word_1_105' title='bbox 391 2453 705 2544; x_wconf 83' lang='lat' dir='ltr'><strong>dolorisexpers,</strong></span> <span class='ocrx_word' id='word_1_106' title='bbox 728 2453 876 2512; x_wconf 86' lang='lat' dir='ltr'><strong>nattam</strong></span> <span class='ocrx_word' id='word_1_107' title='bbox 889 2492 891 2503; x_wconf 94' lang='lat'><strong>.</strong></span> <span class='ocrx_word' id='word_1_108' title='bbox 906 2431 1103 2538; x_wconf 88' lang='lat' dir='ltr'><strong>vocabant.</strong></span> <span class='ocrx_word' id='word_1_109' title='bbox 1128 2435 1283 2528; x_wconf 83' lang='lat' dir='ltr'><strong>Integu·</strong></span> 
     </span>
     <span class='ocr_line' id='line_1_19' title="bbox 271 2548 1282 2652; baseline -0.033 0"><span class='ocrx_word' id='word_1_110' title='bbox 271 2578 410 2652; x_wconf 86' lang='lat' dir='ltr'><strong>mentis</strong></span> <span class='ocrx_word' id='word_1_111' title='bbox 429 2561 697 2642; x_wconf 90' lang='lat' dir='ltr'><strong>communibus</strong></span> <span class='ocrx_word' id='word_1_112' title='bbox 729 2557 874 2642; x_wconf 89' lang='lat' dir='ltr'><strong>incisis,</strong></span> <span class='ocrx_word' id='word_1_113' title='bbox 900 2565 937 2624; x_wconf 88' lang='lat' dir='ltr'><strong>et</strong></span> <span class='ocrx_word' id='word_1_114' title='bbox 963 2548 1282 2634; x_wconf 83' lang='lat' dir='ltr'><strong>facile.diductis;</strong></span> 
     </span>
     <span class='ocr_line' id='line_1_20' title="bbox 274 2667 1284 2791; baseline -0.036 -22"><span class='ocrx_word' id='word_1_115' title='bbox 274 2717 400 2791; x_wconf 89' lang='lat' dir='ltr'><strong>neque</strong></span> <span class='ocrx_word' id='word_1_116' title='bbox 433 2688 533 2760; x_wconf 89' lang='lat' dir='ltr'><strong>enim</strong></span> <span class='ocrx_word' id='word_1_117' title='bbox 565 2680 632 2752; x_wconf 92' lang='lat' dir='ltr'><strong>ulli</strong></span> <span class='ocrx_word' id='word_1_118' title='bbox 662 2677 842 2750; x_wconf 87' lang='lat' dir='ltr'><strong>arctiores</strong></span> <span class='ocrx_word' id='word_1_119' title='bbox 867 2667 1068 2742; x_wconf 87' lang='lat' dir='ltr'><strong>obstabant</strong></span> <span class='ocrx_word' id='word_1_120' title='bbox 1083 2689 1225 2754; x_wconf 83' lang='lat' dir='ltr'><strong>nexus,</strong></span> <span class='ocrx_word' id='word_1_121' title='bbox 1249 2679 1284 2734; x_wconf 90' lang='lat' dir='ltr'><strong>et</strong></span> 
     </span>
     <span class='ocr_line' id='line_1_21' title="bbox 275 2779 1283 2902; baseline -0.035 -16"><span class='ocrx_word' id='word_1_122' title='bbox 275 2838 362 2885; x_wconf 78' lang='lat' dir='ltr'><strong>vasa</strong></span> <span class='ocrx_word' id='word_1_123' title='bbox 384 2799 594 2902; x_wconf 81' lang='lat' dir='ltr'><strong>sanguifera</strong></span> <span class='ocrx_word' id='word_1_124' title='bbox 624 2792 854 2868; x_wconf 86' lang='lat' dir='ltr'><strong>creberrima</strong></span> <span class='ocrx_word' id='word_1_125' title='bbox 882 2784 1036 2885; x_wconf 88' lang='lat' dir='ltr'><strong>quidem</strong></span> <span class='ocrx_word' id='word_1_126' title='bbox 1056 2798 1185 2872; x_wconf 84' lang='lat' dir='ltr'><strong>erant,</strong></span> <span class='ocrx_word' id='word_1_127' title='bbox 1222 2779 1283 2856; x_wconf 86' lang='lat' dir='ltr'><strong>sed</strong></span> 
     </span>
    </p>
   </div>
   <div class='ocr_carea' id='block_1_5' title="bbox 161 2909 1284 3014">
    <p class='ocr_par' dir='ltr' id='par_1_5' title="bbox 161 2909 1284 3014">
     <span class='ocr_line' id='line_1_22' title="bbox 161 2909 1284 3014; baseline -0.036 -6"><span class='ocrx_word' id='word_1_128' title='bbox 161 2952 165 2963; x_wconf 92' lang='lat'>&#39;</span> <span class='ocrx_word' id='word_1_129' title='bbox 278 2930 405 3014; x_wconf 81' lang='lat' dir='ltr'><strong>exilia3</strong></span> <span class='ocrx_word' id='word_1_130' title='bbox 423 2947 502 2994; x_wconf 88' lang='lat' dir='ltr'><strong>non</strong></span> <span class='ocrx_word' id='word_1_131' title='bbox 521 2916 655 3013; x_wconf 87' lang='lat' dir='ltr'><strong>majori</strong></span> <span class='ocrx_word' id='word_1_132' title='bbox 675 2909 830 3007; x_wconf 86' lang='lat' dir='ltr'><strong>negotio</strong></span> <span class='ocrx_word' id='word_1_133' title='bbox 845 2917 1036 3002; x_wconf 84' lang='lat' dir='ltr'><strong>separatus</strong></span> <span class='ocrx_word' id='word_1_134' title='bbox 1052 2915 1284 2974; x_wconf 86' lang='lat' dir='ltr'><strong>esttumora</strong></span> 
     </span>
    </p>
   </div>
   <div class='ocr_carea' id='block_1_6' title="bbox 277 3025 1287 3477">
    <p class='ocr_par' dir='ltr' id='par_1_6' title="bbox 277 3025 1287 3477">
     <span class='ocr_line' id='line_1_23' title="bbox 277 3025 1284 3136; baseline -0.04 -10"><span class='ocrx_word' id='word_1_135' title='bbox 277 3042 496 3126; x_wconf 90' lang='lat' dir='ltr'><strong>tendinibus</strong></span> <span class='ocrx_word' id='word_1_136' title='bbox 513 3037 579 3136; x_wconf 88' lang='lat' dir='ltr'><strong>qui</strong></span> <span class='ocrx_word' id='word_1_137' title='bbox 598 3031 762 3104; x_wconf 88' lang='lat' dir='ltr'><strong>rotulam</strong></span> <span class='ocrx_word' id='word_1_138' title='bbox 781 3025 984 3122; x_wconf 87' lang='lat' dir='ltr'><strong>obtegunt,</strong></span> <span class='ocrx_word' id='word_1_139' title='bbox 1002 3043 1128 3116; x_wconf 85' lang='lat' dir='ltr'><strong>quam¹</strong></span> <span class='ocrx_word' id='word_1_140' title='bbox 1140 3041 1284 3090; x_wconf 88' lang='lat' dir='ltr'><strong>muscu-</strong></span> 
     </span>
     <span class='ocr_line' id='line_1_24' title="bbox 279 3136 1285 3244; baseline -0.049 -2"><span class='ocrx_word' id='word_1_141' title='bbox 279 3170 338 3242; x_wconf 91' lang='lat' dir='ltr'><strong>lus</strong></span> <span class='ocrx_word' id='word_1_142' title='bbox 353 3191 374 3236; x_wconf 89' lang='lat' dir='ltr'><strong>a</strong></span> <span class='ocrx_word' id='word_1_143' title='bbox 388 3157 560 3234; x_wconf 91' lang='lat' dir='ltr'><strong>musculo</strong></span> <span class='ocrx_word' id='word_1_144' title='bbox 574 3151 669 3224; x_wconf 89' lang='lat' dir='ltr'><strong>solet</strong></span> <span class='ocrx_word' id='word_1_145' title='bbox 689 3143 866 3244; x_wconf 78' lang='lat' dir='ltr'><strong>separari.</strong></span> <span class='ocrx_word' id='word_1_146' title='bbox 886 3145 1018 3236; x_wconf 85' lang='lat' dir='ltr'><strong>ltaque</strong></span> <span class='ocrx_word' id='word_1_147' title='bbox 1037 3136 1216 3212; x_wconf 75' lang='lat' dir='ltr'><strong>inviolata</strong></span> <span class='ocrx_word' id='word_1_148' title='bbox 1232 3151 1285 3208; x_wconf 81' lang='lat' dir='ltr'><strong>tu.</strong></span> 
     </span>
     <span class='ocr_line' id='line_1_25' title="bbox 280 3255 1286 3371; baseline -0.04 -10"><span class='ocrx_word' id='word_1_149' title='bbox 280 3288 383 3371; x_wconf 86' lang='lat' dir='ltr'><strong>nica,</strong></span> <span class='ocrx_word' id='word_1_150' title='bbox 398 3280 610 3356; x_wconf 88' lang='lat' dir='ltr'><strong>detractus,</strong></span> <span class='ocrx_word' id='word_1_151' title='bbox 626 3281 663 3339; x_wconf 88' lang='lat' dir='ltr'><strong>et</strong></span> <span class='ocrx_word' id='word_1_152' title='bbox 678 3264 862 3336; x_wconf 86' lang='lat' dir='ltr'><strong>dissectus</strong></span> <span class='ocrx_word' id='word_1_153' title='bbox 872 3257 1039 3356; x_wconf 90' lang='lat' dir='ltr'><strong>primum</strong></span> <span class='ocrx_word' id='word_1_154' title='bbox 1051 3255 1153 3326; x_wconf 89' lang='lat' dir='ltr'><strong>hano</strong></span> <span class='ocrx_word' id='word_1_155' title='bbox 1168 3269 1286 3326; x_wconf 86' lang='lat' dir='ltr'><strong>osten·</strong></span> 
     </span>
     <span class='ocr_line' id='line_1_26' title="bbox 279 3360 1287 3477; baseline -0.04 0"><span class='ocrx_word' id='word_1_156' title='bbox 279 3405 337 3477; x_wconf 74' lang='lat' dir='ltr'><strong>&#39;dit</strong></span> <span class='ocrx_word' id='word_1_157' title='bbox 350 3399 436 3474; x_wconf 89' lang='lat' dir='ltr'><strong>satis</strong></span> <span class='ocrx_word' id='word_1_158' title='bbox 451 3411 631 3474; x_wconf 85' lang='lat' dir='ltr'><strong>crassam,</strong></span> <span class='ocrx_word' id='word_1_159' title='bbox 649 3399 693 3456; x_wconf 91' lang='lat' dir='ltr'><strong>ut</strong></span> <span class='ocrx_word' id='word_1_160' title='bbox 701 3378 820 3452; x_wconf 87' lang='lat' dir='ltr'><strong>dividi</strong></span> <span class='ocrx_word' id='word_1_161' title='bbox 833 3379 873 3448; x_wconf 90' lang='lat' dir='ltr'><strong>in</strong></span> <span class='ocrx_word' id='word_1_162' title='bbox 883 3360 1041 3451; x_wconf 87' lang='lat' dir='ltr'><strong>laminas</strong></span> <span class='ocrx_word' id='word_1_163' title='bbox 1056 3389 1133 3446; x_wconf 89' lang='lat' dir='ltr'><strong>tres</strong></span> <span class='ocrx_word' id='word_1_164' title='bbox 1144 3385 1287 3469; x_wconf 80' lang='lat' dir='ltr'><strong>posset,</strong></span> 
     </span>
    </p>
   </div>
   <div class='ocr_carea' id='block_1_7' title="bbox 287 3567 1284 3618">
    <p class='ocr_par' dir='ltr' id='par_1_7' title="bbox 287 3567 1284 3618">
     <span class='ocr_line' id='line_1_27' title="bbox 287 3567 1284 3618; baseline -0.049 13"><span class='ocrx_word' id='word_1_165' title='bbox 287 3567 1284 3618; x_wconf 37' lang='grc' dir='ltr'><strong>’,ρ-Μ</strong></span> 
     </span>
    </p>
   </div>
   <div class='ocr_carea' id='block_1_8' title="bbox 324 3709 1193 3996">
    <p class='ocr_par' dir='ltr' id='par_1_8' title="bbox 324 3709 1193 3996">
     <span class='ocr_line' id='line_1_28' title="bbox 339 3709 467 3772; baseline -0.063 0"><span class='ocrx_word' id='word_1_166' title='bbox 339 3736 352 3772; x_wconf 93' lang='lat'>1</span> <span class='ocrx_word' id='word_1_167' title='bbox 387 3709 467 3768; x_wconf 81' lang='lat' dir='ltr'><strong>thid.</strong></span> 
     </span>
     <span class='ocr_line' id='line_1_29' title="bbox 324 3713 1193 3894; baseline -0.037 -20"><span class='ocrx_word' id='word_1_168' title='bbox 324 3713 369 3894; x_wconf 57' lang='lat' dir='ltr'><strong>{ai</strong></span> <span class='ocrx_word' id='word_1_169' title='bbox 389 3811 509 3885; x_wconf 86' lang='lat' dir='ltr'><strong>Disput.</strong></span> <span class='ocrx_word' id='word_1_170' title='bbox 520 3804 557 3861; x_wconf 85' lang='lat' dir='ltr'><strong>de</strong></span> <span class='ocrx_word' id='word_1_171' title='bbox 568 3814 684 3858; x_wconf 86' lang='lat' dir='ltr'><strong>tumore</strong></span> <span class='ocrx_word' id='word_1_172' title='bbox 697 3796 830 3856; x_wconf 84' lang='lat' dir='ltr'><strong>tunicato</strong></span> <span class='ocrx_word' id='word_1_173' title='bbox 844 3793 1076 3862; x_wconf 83' lang='lat' dir='ltr'><strong>membranac.§</strong></span> <span class='ocrx_word' id='word_1_174' title='bbox 1092 3811 1104 3848; x_wconf 93' lang='lat'>1</span> <span class='ocrx_word' id='word_1_175' title='bbox 1122 3801 1151 3846; x_wconf 88' lang='lat' dir='ltr'><strong>et</strong></span> <span class='ocrx_word' id='word_1_176' title='bbox 1165 3809 1193 3859; x_wconf 86' lang='lat'><strong>7.</strong></span> 
     </span>
     <span class='ocr_line' id='line_1_30' title="bbox 327 3892 963 3996; baseline -0.039 -22"><span class='ocrx_word' id='word_1_177' title='bbox 327 3915 370 3996; x_wconf 77' lang='lat'><strong>(3)</strong></span> <span class='ocrx_word' id='word_1_178' title='bbox 390 3915 425 3970; x_wconf 89' lang='lat' dir='ltr'><strong>L.</strong></span> <span class='ocrx_word' id='word_1_179' title='bbox 442 3917 474 3981; x_wconf 73' lang='lat'><strong>4,</strong></span> <span class='ocrx_word' id='word_1_180' title='bbox 491 3922 581 3982; x_wconf 84' lang='lat' dir='ltr'><strong>supra</strong></span> <span class='ocrx_word' id='word_1_181' title='bbox 597 3902 636 3960; x_wconf 88' lang='lat' dir='ltr'><strong>ad</strong></span> <span class='ocrx_word' id='word_1_182' title='bbox 650 3920 681 3961; x_wconf 82' lang='lat' dir='ltr'><strong>n,</strong></span> <span class='ocrx_word' id='word_1_183' title='bbox 698 3917 734 3956; x_wconf 87' lang='lat'><strong>10</strong></span> <span class='ocrx_word' id='word_1_184' title='bbox 749 3897 800 3954; x_wconf 87' lang='lat' dir='ltr'><strong>eit.</strong></span> <span class='ocrx_word' id='word_1_185' title='bbox 814 3915 839 3954; x_wconf 91' lang='lat' dir='ltr'><strong>c.</strong></span> <span class='ocrx_word' id='word_1_186' title='bbox 859 3903 921 3952; x_wconf 85' lang='lat' dir='ltr'><strong>aet</strong></span> <span class='ocrx_word' id='word_1_187' title='bbox 934 3892 963 3950; x_wconf 82' lang='lat'><strong>3.</strong></span> 
     </span>
    </p>
   </div>
   <div class='ocr_carea' id='block_1_9' title="bbox 329 3985 1053 4105">
    <p class='ocr_par' dir='ltr' id='par_1_9' title="bbox 329 3985 1053 4105">
     <span class='ocr_line' id='line_1_31' title="bbox 329 3985 1053 4105; baseline -0.055 -29"><span class='ocrx_word' id='word_1_188' title='bbox 329 4013 370 4105; x_wconf 64' lang='lat' dir='ltr'><strong>(a)</strong></span> <span class='ocrx_word' id='word_1_189' title='bbox 392 4014 548 4072; x_wconf 67' lang='lat' dir='ltr'><strong>omma.</strong></span> <span class='ocrx_word' id='word_1_190' title='bbox 564 4001 611 4061; x_wconf 85' lang='lat'><strong>16.</strong></span> <span class='ocrx_word' id='word_1_191' title='bbox 1021 3985 1053 4084; x_wconf 61' lang='lat'><strong>1=</strong></span> 
     </span>
    </p>
   </div>
   <div class='ocr_carea' id='block_1_10' title="bbox 0 1 1431 4656">
    <p class='ocr_par' dir='ltr' id='par_1_10' title="bbox 0 1 1431 4656">
     <span class='ocr_line' id='line_1_32' title="bbox 0 1 1431 4656; baseline 0 0"><span class='ocrx_word' id='word_1_192' title='bbox 0 1 1431 4656; x_wconf 95' lang='lat' dir='ltr'><strong> </strong></span> 
     </span>
    </p>
   </div>
  </div>
 </body>
</html>
