2854 4660
173 464 729 529 tre.1v.nnrronn1soa1nuno.,
748 455 818 510 eto.
829 465 935 512 mse
963 467 1008 512 tt.
1036 443 1105 542 367

96 581 252 656 dextera
268 577 423 675 quidem
442 591 546 675 parte
562 575 696 649 fissura
713 577 950 674 deprehensa
970 597 1024 652 est
1050 583 1107 652 di-

97 704 195 799 gitos
215 711 378 795 quatuor
402 711 635 770 transversos
658 695 797 792 longa3
817 695 964 767 cerebri
982 713 1107 770 tamen

98 845 143 892 ea
165 817 291 917 portio
319 839 402 912 quae
434 812 574 886 lissurae
607 812 879 907 subjiciebatur
903 816 1007 886 nulla
1030 833 1123 888 erat

96 939 248 1008 taesione
279 931 422 1006 affecta.
456 942 486 1004 A
512 932 671 1002 sinistris
711 955 821 1020 vero,
852 931 919 1002 ubi
948 936 1111 1007 exterius
1210 934 1213 938 ’

97 1058 233 1152 ingens
265 1049 470 1150 apparebat
499 1051 692 1138 contusio,
724 1075 802 1120 non
833 1050 948 1121 modo
979 1049 1109 1124 lissum

96 1189 178 1244 erat
197 1173 367 1242 cranium
396 1168 530 1240 fissura
557 1167 670 1239 ducta
695 1169 735 1237 in
768 1167 925 1240 modum
957 1172 1111 1262 circuli,

97 1292 210 1386 cujus
227 1289 409 1360 diameter
435 1288 666 1360 semunciam
686 1288 963 1360 Bononiensem
988 1315 1111 1386 aequa·

95 1408 186 1497 bat;
205 1406 270 1480 sed
290 1407 403 1476 etiam
419 1403 596 1476 nonnihil
607 1403 662 1474 ibi
680 1403 902 1502 depressum
919 1435 926 1476 :
941 1410 1042 1504 ¹quin
1063 1409 1110 1483 ab

93 1527 275 1624 depressa
291 1523 354 1594 illa
371 1524 546 1620 portione
571 1525 784 1594 acuminata
807 1524 945 1596 lamina
971 1527 1111 1600 intror·
1223 1605 1224 1610 ἵ

95 1669 182 1718 sum
210 1656 435 1728 recesserat,
462 1645 944 1742 ,crassamquemeningem
973 1649 1111 1718 saucia-

83 1778 214 1836 ·verat.
255 1765 386 1857 Itaque
423 1758 513 1830 hnic
544 1759 713 1856 meningi
736 1743 879 1832 ibidem
909 1765 1112 1858 purulenta

94 1879 313 1952 adhaerebat
328 1878 502 1961 materia,
533 1890 570 1946 et
589 1875 785 1970 subjecum
798 1879 996 1952 cerebrum
1017 1907 1113 1954 mor·

92 1996 234 2071 bidum
251 2010 331 2067 erat
344 1994 392 2068 ad
409 2009 485 2064 tres
506 1991 645 2089 digitos
662 2007 744 2062 tum
758 1993 797 2062 in
816 1993 1111 2092 longitudinem,

91 2132 178 2188 tum
200 2115 240 2184 in
256 2112 528 2198 *latitudinem3
549 2109 596 2180 ad
622 2109 718 2180 duos
742 2125 867 2181 atatem
883 2115 924 2182 in
944 2115 1108 2186 altitudi·

91 2258 206 2318 nem,
223 2248 264 2304 ut
282 2230 381 2302 lesio
399 2229 447 2300 ad
466 2227 697 2328 ventriculos
716 2253 794 2298 non
805 2233 1029 2326 perveniret.

146 2349 205 2422 35.
225 2349 293 2422 Vir
312 2349 428 2420 etatis
452 2347 694 2418 consistentis
718 2347 757 2418 in
779 2348 971 2446 sincipitis
996 2369 1106 2449 parte

91 2469 250 2545 dextera
278 2465 537 2538 contundente
563 2465 815 2536 instrumento
842 2467 959 2556 ictus,
998 2469 1109 2541 nullo

90 2609 252 2686 prorsus
269 2581 424 2656 aflectus
446 2599 695 2681 symptomate
706 2632 726 2671 ,·
743 2586 818 2656 suis
847 2589 927 2683 ipse
943 2589 1107 2686 pedibus

89 2704 264 2776 venitin
298 2703 430 2799 saepius
455 2717 706 2773 memoratum
744 2707 1030 2796 nosocomium,
1066 2713 1106 2780 in

91 2847 220 2918 eoque
243 2819 435 2892 decubuit.
450 2819 609 2892 Dnabus
619 2821 756 2892 exactis
773 2820 898 2910 horis,
917 2825 1107 2916 balbutire

91 2940 211 3037 coepit
230 2967 237 3009 ε
259 2953 295 3010 et
315 2952 403 3035 post
416 2937 505 3011 altas
517 2937 777 3034 paucasboras
794 2942 953 3038 paralysi
970 2947 1009 3014 in
1028 2961 1106 3020 tota

91 3057 245 3132 sinistra
258 3055 430 3152 corporis
451 3069 557 3150 parte
575 3072 854 3153 correptusest
1141 3059 1145 3068 “

145 3173 345 3246 Sinistrum
367 3188 494 3244 tamen
509 3171 681 3259 oculum,
698 3197 784 3244 cum
793 3173 1041 3260 balbutiendo
1057 3183 1105 3252 ad

90 3295 325 3388 interrogata
341 3273 609 3389 responderet,
630 3306 757 3366 exacte
775 3294 985 3390 aperiebat3
1017 3299 1106 3372 dex·

89 3425 218 3480 terum
250 3409 514 3482 semiclausum
544 3408 719 3481 babebat.
754 3410 826 3480 Sed
852 3429 889 3484 et
914 3414 1104 3490 dexteram

92 3541 242 3624 partem
253 3525 700 3624 corporissinepeculiari
711 3543 850 3600 conatu
863 3555 1015 3608 movere
1027 3563 1104 3612 non

91 3658 255 3744 poterat.
272 3643 449 3731 Duobus,
466 3659 531 3716 aut
556 3643 677 3716 tribus
700 3643 748 3716 ab
767 3665 923 3747 accepto
951 3655 1110 3732 vulnere

94 3763 238 3834 exactis
261 3759 412 3850 diebus,
432 3763 613 3833 deliravit.
630 3763 796 3836 Tandem
809 3789 1019 3865 soporosus
1035 3771 1109 3846 fac-

92 3896 177 3965 tus,
208 3878 268 3950 die
288 3880 423 3976 quinto
448 3878 551 3950 obiit.
587 3883 709 3977 Caput
727 3880 840 3978 bujus
869 3887 1025 3983 quidem
1047 3893 1112 3972 h0;

95 3999 212 4100 minis
237 3996 427 4086 Valsalva,
451 3995 686 4094 gravioribus
705 4019 912 4098 occupatus
931 4011 1108 4106 negotiis,
1130 4095 1132 4100 k
