2784 5088
268 412 337 460 mr.
351 412 398 458 1v.
415 413 461 458 or
474 409 610 458 nonnis
624 407 822 475 cernuae„
839 399 907 457 etc.
926 401 1038 458 nrrsr.
1050 409 1128 456 nm.
1158 383 1211 457 51:

221 529 290 598 ties
312 526 534 624 corripitur:
553 524 593 594 in
619 547 778 622 quarum
801 547 892 609 una,
917 537 1050 602 octavo
1074 523 1211 594 ineunti

220 643 297 733 die,
316 644 487 715 moritur.

267 761 437 834 Cadaver
453 759 545 832 dum
556 770 733 846 movent,
753 759 888 856 ingens
912 759 1022 856 copia
1037 759 1211 855 sanguini

218 881 418 978 erumpite
437 877 605 950 vulnere.
622 881 702 948 Hoc
718 879 818 948 inter
838 875 930 947 duas
941 899 1035 973 quas
1047 875 1209 946 diximus

219 1013 342 1072 costas
358 1019 478 1096 prope
496 991 689 1066 vertebras
703 995 900 1065 dexterum
915 992 1081 1064 thoracis
1096 1015 1211 1064 cavuu

220 1115 387 1202 subibat,
409 1129 451 1186 ut
476 1112 646 1186 laceratis
664 1109 771 1184 facile
794 1109 1097 1183 intercostalibus
1117 1112 1211 1182 vasis

220 1233 311 1310 hinc
331 1247 479 1305 tantum
504 1231 695 1331 sanguinis
722 1231 853 1302 exiisse
880 1228 1063 1302 videatur.
1097 1227 1211 1300 Pulmv

221 1351 354 1424 dexter
374 1373 450 1447 qua
469 1365 573 1448 parte
595 1348 743 1420 vulneri
762 1345 1036 1446 respondebat,
1061 1345 1156 1418 nihil
1178 1345 1211 1418 ih

222 1467 329 1566 quod
352 1465 423 1541 sub
451 1491 602 1540 sensum
635 1465 809 1554 caderet,
843 1464 1044 1565 peculiaris
1073 1465 1211 1537 laesioni

224 1583 415 1668 ostendit,
430 1601 682 1684 praeterquam
698 1585 737 1653 in
758 1585 894 1656 extima
908 1587 1036 1656 tunica
1055 1581 1211 1654 nonnihl

223 1727 333 1776 erosa
348 1728 356 1772 ε
371 1717 471 1774 totus
484 1717 611 1772 tamen
628 1700 790 1790 rubenS,
815 1713 852 1774 et
873 1699 1041 1774 tumidus
1055 1713 1145 1800 erat.
1166 1706 1211 1774 Pe

222 1818 430 1891 ricardium
445 1819 518 1890 seri
541 1817 710 1915 plenum.
732 1823 762 1890 E
777 1817 939 1890 dissecto
953 1817 1067 1890 corde
1081 1842 1211 1916 spumo

225 1959 291 2008 sus
326 1936 494 2034 sanguis,
519 1949 556 2007 et
580 1932 719 2006 fluidus
742 1935 987 2034 erumpebat,
1008 1937 1047 2006 in
1078 1937 1211 2033 ejusqu

223 2051 436 2125 ventriculo
467 2052 630 2128 dextere
640 2051 831 2151 polyposa
862 2056 1055 2126 concretio
1087 2069 1211 2152 repert

225 2175 440 2244 est.Ventre
458 2150 609 2267 aperto,
628 2171 805 2242 intestina
822 2172 948 2242 onmia
962 2195 1048 2244 aere
1067 2172 1211 2270 turgida

226 2289 266 2360 in
281 2289 404 2388 iisque
422 2285 564 2358 humor
576 2287 730 2385 quidam
748 2303 830 2359 atro
856 2286 982 2360 colore
1002 2289 1152 2362 tinctus.
1169 2293 1211 2362 V<

229 2405 303 2478 sica
323 2403 416 2477 lotio
432 2403 586 2503 oppleta
609 2419 697 2476 erat.
712 2407 757 2475 ln
774 2405 917 2482 ventris
935 2429 1026 2476 cavo
1045 2405 1149 2478 librae
1170 2407 1211 2480 ali

229 2539 324 2621 quot
342 2525 414 2596 seri
434 2523 666 2622 stagnabant.

280 2667 335 2740 19.
355 2643 406 2714 Ut
424 2657 523 2742 recte
543 2637 714 2714 Valsalva
738 2641 930 2741 sanguinis
957 2641 1061 2714 illam
1090 2641 1211 2716 effusi(

230 2784 315 2832 nem
340 2783 362 2831 a
390 2759 574 2847 laceratis,
593 2761 755 2832 erosisve
786 2749 1091 2832 intercostalibus
1118 2764 1211 2833 vasis

229 2879 278 2950 ita
307 2875 550 2978 paralysima
581 2892 833 2972 compuncto,
862 2891 930 2978 'aut
960 2875 1007 2946 ab
1031 2879 1109 2949 acri
1135 2881 1211 2948 sani

230 2993 374 3068 irritato
394 3017 526 3067 eorum
541 2993 644 3063 socio
663 3015 781 3065 nervo
810 2991 912 3064 haud
939 3017 1141 3090 perperam
1169 2993 1211 3066 lo:

230 3127 324 3186 tasse
341 3126 498 3211 repetes.
519 3105 614 3182 Inde
627 3110 727 3180 enim
747 3108 959 3198 convulsio,
970 3110 1017 3181 ab
1031 3109 1101 3182 hac
1114 3125 1211 3183 auter

232 3231 489 3304 constrictiot.
509 3226 613 3300 unde
660 3225 875 3315 resolutio,
913 3226 1211 3325 quemadmodur

233 3347 320 3421 alias
333 3345 685 3444 (1)explicavimuS‚
703 3341 785 3416 fieri
801 3359 906 3418 tanto
926 3345 1089 3442 amplior
1098 3350 1211 3446 potuit

234 3463 339 3559 quod
360 3477 454 3534 cum·
466 3463 686 3561 longissimo
703 3461 768 3534 illo
787 3489 906 3536 nervo
930 3487 1046 3562 quem
1064 3467 1209 3537 intereo

186 3642 194 3662 ,
234 3581 346 3652 talem
367 3595 524 3668 vocant,
548 3577 696 3653 costalis
716 3583 875 3680 quisque
900 3583 1108 3682 colligatur.
1132 3587 1211 3655 Con

280 3949 323 4030 (ἵ)
344 3953 437 4030 Epist.
452 3973 484 4010 11
498 3972 547 4025 ,n.
559 3952 599 4010 rs
612 3962 642 4010 et
655 3969 693 4007 ao
