2816 5282
315 401 387 474 608
486 396 533 472 br
559 423 706 472 seorsus
730 425 775 471 nr
801 425 925 472 causis
951 425 1158 473 nonnonun

239 553 242 572 ¹
318 539 491 609 culorum
513 535 727 609 abdominis
742 540 867 634 portio
890 563 973 636 qnae
991 540 1063 609 coli
1080 539 1181 610 initio
1194 522 1287 607 vicine

317 651 453 740 luerat,
473 653 642 751 sugillato
662 648 867 751 apparebat
884 679 904 723 a
929 651 1023 726 facie
1040 656 1217 727 interiore.
1236 653 1288 722 Sed

314 797 441 868 neque
457 771 556 858 haec,
578 797 702 868 neque
718 797 759 842 ea
780 773 1046 842 intestinorum
1075 797 1180 871 pars,
1201 794 1287 868 quan

317 889 444 960 colore
466 887 580 959 fuisse
601 888 674 958 dixi
696 904 831 986 praeter
854 904 1044 977 naturam,
1070 891 1154 960 duri
1179 885 1290 985 aliquid

316 1021 380 1077 aut
394 1005 529 1076 tumidi
548 1005 749 1076 habebant.
777 1008 1001 1077 Interiorem
1025 1005 1156 1079 faciem
1176 1005 1289 1076 intesti-

316 1148 454 1194 norum
482 1123 695 1192 examinare
729 1123 969 1220 gravissimus
999 1124 1097 1194 odor
1119 1120 1289 1222 prohibuit.

314 1247 426 1313 Jecur
445 1239 735 1338 pallidum,.lien
759 1265 868 1336 aequo
883 1241 1022 1335 major,
1041 1241 1200 1312 mesaraei
1213 1238 1291 1336 glan·

314 1357 632 1430 dulaeimminutae
658 1355 754 1426 adeo
778 1354 954 1443 fuerunt,
981 1373 1023 1428 ut
1045 1357 1288 1455 pinguedinem

235 1499 238 1506 ’
317 1475 496 1546 diducere
514 1495 609 1571 opus
628 1489 744 1560 esset,
760 1489 804 1543 ut
822 1475 1123 1570 inconspectum
1141 1473 1291 1545 venirent.

314 1591 493 1662 Thoracis
512 1605 675 1687 utroque
690 1591 730 1659 in
746 1613 838 1660 cavo
854 1615 932 1660 non
954 1593 1111 1661 minima
1125 1593 1224 1688 copia
1235 1591 1293 1656 ine·

315 1724 374 1780 rat
396 1731 502 1806 aquae
528 1705 772 1793 rubicundae3
802 1707 1074 1804 in'pericardio
1104 1708 1292 1806 plusquam

315 1827 410 1898 solet
420 1824 655 1922 ‚scdsneque
667 1823 794 1894 multae
807 1825 922 1914 adeo,
941 1849 1068 1922 neque
1082 1827 1132 1897 ita
1144 1822 1292 1896 rubentis.

313 1946 447 2016 Pulmo
470 1944 618 2015 sinister
641 1942 765 2038 aliqua
788 1967 832 2012 ex
853 1958 958 2041 parte
988 1967 1109 2014 nexos
1141 1957 1214 2014 erat
1230 1962 1292 2009 cun

207 2129 211 2146 ,
313 2063 684 2162 pleura‚ipsetamen
694 2115 704 2145 ,
715 2075 751 2131 et
764 2059 990 2133 dextersani.
1003 2064 1143 2132 Granio
1158 2069 1292 2140 secto‚et

315 2183 495 2252 crassiore
510 2181 685 2276 meninge
705 2193 846 2266 amota,
865 2179 933 2250 sub
952 2181 1057 2248 tenui
1073 2177 1255 2249 nonnullis
1267 2175 1293 2240 in

313 2297 680 2370 locisanimadversae
695 2312 783 2367 sunt
795 2319 911 2366 aereae
925 2321 1051 2392 paucae
1068 2296 1226 2382 bullula,
1234 2308 1291 2362 ton

314 2417 456 2514 species
468 2417 530 2486 illa
544 2417 602 2510 cuj
609 2415 855 2511 usdamquasi
872 2415 1040 2512 gelatinae
1051 2439 1157 2501 vasa;
1170 2431 1294 2510 quaeper

313 2533 412 2606 banc
427 2534 642 2631 meningem
660 2547 819 2629 repunt,
840 2533 1021 2628 pleraque
1046 2534 1226 2630 sanguine
1239 2527 1294 2596 dis·

313 2667 435 2738 tenta3
449 2650 514 2720 sed
529 2650 591 2720 illa
609 2651 728 2748 magis
741 2673 826 2746 quae
845 2674 914 2747 per
933 2651 1049 2719 latera
1069 2651 1168 2747 septi
1185 2643 1293 2718 lucidi:

315 2769 408 2866 quin
431 2770 540 2838 etiam
561 2767 798 2838 emedullari
821 2765 968 2854 cerebri
995 2768 1202 2838 substantia
1221 2765 1294 2832 inter

313 2884 516 2958 secandum
531 2901 643 2984 guttae
662 2886 855 2982 sanguinis
872 2885 1093 2958 existebant.
1114 2889 1201 2976 Quae
1214 2893 1293 2952 tanto

313 3008 431 3102 magis
454 3004 614 3092 attendi,
646 3019 790 3101 quanto
826 3006 1014 3075 minorem
1040 3002 1229 3103 sanguinis
1252 3021 1295 3068 co·

311 3125 411 3222 piam
433 3125 472 3193 in
490 3125 647 3208 venum,
667 3137 703 3192 et
719 3122 886 3193 thoracis
901 3125 997 3193 vasis
1016 3121 1221 3219 majoribus
1235 3115 1293 3186 ani·

236 3293 252 3310 .
312 3242 596 3313 madverteram.
624 3239 728 3310 Nihil
745 3261 852 3336 aquae
869 3242 907 3310 in
922 3239 1069 3311 cerebri
1083 3233 1290 3314 ventriculis,

310 3351 511 3459 ipsumque
527 3361 614 3430 settis
630 3355 783 3428 firmum
795 3413 805 3441 ,
818 3357 1047 3429 cerebellum
1066 3374 1190 3428 autem
1209 3346 1291 3421 valde

233 3515 235 3528 ¹
311 3479 458 3566 laxum,
491 3478 715 3548 laxissimam
750 3463 935 3573 pinealem
956 3474 1170 3571 glandulam
1190 3470 1292 3564 depre-

134 3602 147 3616 ”
244 3655 247 3660 .
311 3593 667 3683 bendl,cum·baee‚
689 3608 803 3688 atque
817 3592 887 3662 alia
910 3615 993 3688 quae
1019 3591 1081 3662 hic
1108 3602 1291 3661 memorare

310 3735 465 3785 necesse
481 3727 645 3799 nonest,
661 3735 739 3780 non
759 3710 881 3781 serius
895 3708 1100 3788 inciderem
1113 3731 1219 3807 «ruem
1229 3706 1291 3800 ipso
1362 3747 1363 3786 3

237 3863 240 3868 ·
313 3846 488 3928 quarto'u
500 3845 625 3900 morte
643 3829 715 3899 die.
780 3843 783 3857 ·

320 3987 325 3992 ·
355 3955 419 4038 ’lto-
440 3953 484 4024 Et
502 3948 564 4038 hic
586 3947 739 4046 quidem
759 3945 903 4018 tardius
918 3944 981 4016 'ab
1003 3947 1085 4044 ¹ictu
1108 3931 1290 4015 abdominis
1362 3967 1363 4050 j
