2946 4662
304 434 378 526 444
470 457 517 503 us
544 455 691 504 sannas
716 455 760 502 aa
785 453 910 504 causis
935 453 1147 502 nonaoaost

302 573 371 644 tris
389 567 693 642 observationem
706 573 759 639 lx
777 590 891 666 quam
911 568 956 639 cl.
973 566 1042 639 filii
1061 567 1251 640 scholium
1263 566 1313 640 ad

304 693 451 760 XXXV.
459 691 577 784 Atque
592 687 745 758 atillam
756 689 1057 759 Avenionensem
1070 685 1126 783 (a)
1142 687 1315 782 omittam

303 806 418 904 longe
441 805 687 892 rarissimam,
710 805 853 902 quippe
881 805 921 876 in
950 829 1025 902 qua
1059 799 1146 875 cu'm
1175 803 1315 892 cranii,

304 926 544 1022 meningum,
560 921 707 995 cerebri
721 946 764 993 ea
781 937 878 994 esset
891 923 991 995 laesio
1013 946 1128 1020 quam
1151 921 1317 994 ostendit

308 1043 471 1128 curatio,
502 1040 652 1112 nullum
684 1040 878 1112 tamenab
904 1041 1012 1112 initio
1038 1039 1086 1110 ad
1110 1037 1317 1138 perfectam

306 1183 429 1256 usque
448 1157 699 1246 sanationem,
714 1157 753 1228 id
771 1172 826 1230 est
850 1153 1001 1228 ad'dies
1022 1181 1085 1229 sex
1107 1171 1143 1228 et
1168 1172 1318 1255 septua-

309 1277 433 1375 ginta,
457 1289 668 1372 symptoma
690 1275 830 1362 extitit3
851 1289 907 1347 est
934 1273 1034 1373 apud
1054 1273 1244 1346 Bohnium
1260 1273 1319 1372 (a)

307 1391 484 1480 historia,
515 1417 561 1464 ex
588 1390 866 1479 Lamzwerdio,
898 1407 1194 1490 symptomatum
1218 1390 1322 1464 binis

310 1509 492 1608 sincipitis
510 1507 653 1582 fissuris
669 1530 750 1578 non
761 1509 834 1580 nisi
844 1509 905 1580 die
925 1509 1119 1606 trigesimo
1137 1523 1241 1580 sexto
1261 1533 1323 1580 su·

309 1627 634 1724 pervenientium
661 1641 825 1724 suntque
849 1626 927 1697 aliae
943 1651 996 1698 ex
1016 1631 1199 1698 Montano
1219 1625 1324 1724 apud

309 1742 580 1815 Rouhauitium
599 1741 657 1840 (3)
689 1742 912 1816 eorumdem
948 1768 1027 1816 non
1061 1745 1136 1814 nisi
1173 1742 1354 1832 decimo,

310 1862 494 1959 septimo,
509 1863 708 1960 vigesimo,
726 1875 791 1934 aut
806 1861 989 1959 vigesimo
1010 1861 1136 1960 primo
1158 1865 1326 1934 Antuer-

308 1978 386 2078 piae,
412 1978 614 2077 plerosque
643 1979 796 2051 illorum
823 1977 963 2076 quibus
1002 2001 1048 2050 eo
1079 2003 1181 2050 auno
1210 1971 1328 2076 caput

309 2098 428 2170 ictum
449 2111 564 2184 esset,
581 2096 902 2195 aggredientium,
920 2118 1131 2194 omnesque
1146 2095 1328 2168 occiden-

202 2265 206 2278 ,
312 2214 417 2288 tium.
448 2214 533 2286 lllas
564 2215 721 2312 insuper
746 2215 861 2313 legito
896 2238 991 2312 quas
1020 2215 1266 2312 Poupartius,
1290 2229 1329 2288 et

313 2333 517 2430 praesertim
533 2331 739 2405 Vacherius
763 2355 850 2404 cum
873 2333 976 2432 regia
992 2332 1234 2404 scientiarum
1259 2333 1327 2404 Pa·

315 2451 463 2524 risiensi
494 2449 685 2522 academia
715 2449 770 2548 (Δ)
792 2451 1133 2523 communicarunt.
1163 2453 1218 2522 Ex
1249 2450 1329 2528 his,

314 2583 428 2666 atque
443 2567 526 2640 aliis
542 2592 635 2666 quas
647 2570 769 2640 sciens
782 2570 936 2654 omitto,
958 2569 1087 2640 mirari
1110 2569 1259 2642 desines
1284 2571 1331 2641 si·

315 2685 487 2785 quando,
504 2699 548 2758 ut
565 2687 604 2756 in
628 2683 744 2756 modo
774 2711 795 2756 a
818 2684 931 2758 nobis
956 2688 1148 2784 proposita
1164 2741 1175 2776 ,
1191 2706 1194 2720 ·
1212 2688 1265 2759 sic
1288 2689 1330 2760 in

315 2807 397 2886 aliis
413 2805 641 2904 quibusdam
659 2821 726 2877 aut
749 2805 840 2895 hac,
859 2822 923 2878 aut
951 2807 1147 2905 superiore
1167 2809 1328 2906 epistola

315 2923 479 3010 traditis,
499 2947 578 2994 non
595 2922 691 2994 levia
710 2922 856 2996 videbis
882 2925 923 2994 in
949 2922 1108 2996 cerebro
1132 2925 1222 2996 vitia
1244 2923 1328 2998 dies

320 3041 466 3139 aliquot
496 3041 576 3112 sine
605 3042 729 3138 pravis
749 3039 916 3126 indiciis,
946 3043 986 3112 in
1017 3043 1226 3139 primisque
1249 3043 1332 3114 sine

321 3155 418 3230 febri
431 3157 633 3230 delituisse.
653 3159 942 3260 Quamplurima
967 3174 1054 3232 sunt
1079 3161 1221 3258 quaein
1249 3159 1334 3232 illo,

320 3300 398 3348 non
413 3289 561 3348 tantum
577 3276 787 3349 secundum
812 3293 1007 3367 naturam,
1031 3277 1097 3350 sed
1132 3291 1169 3350 et
1194 3293 1335 3378 praeter

359 3599 389 3680 (1
393 3617 404 3678 ,
426 3604 592 3682 Cqmmecc.
605 3601 710 3660 Litter.
723 3604 760 3658 A.
775 3601 868 3672 1731,
882 3601 1003 3680 speeian.
1019 3621 1068 3660 aa.

363 3698 405 3780 (a)
427 3703 472 3758 De
488 3688 611 3758 renunc.
626 3693 869 3757 vulner.sect.'1.

362 3798 407 3878 (3)
428 3803 480 3858 Tr.
493 3821 585 3878 supra
598 3801 637 3857 ad
648 3819 679 3855 n.
696 3806 731 3867 14
745 3799 814 3871 cit,
833 3820 861 3856 c.
877 3819 926 3855 u.

341 3898 405 3989 st)
426 3901 501 3959 Hist.
529 3903 567 3959 de
592 3903 770 3974 l’an.17oo,
797 3899 862 3963 obs.
879 3908 960 3957 anat.
978 3917 1032 3978 19,
1054 3899 1134 3959 etde
1153 3901 1224 3959 l’an.
1237 3903 1338 3976 1743,

222 4018 225 4026 ·
324 4001 389 4060 obs.
406 4013 485 4059 anat.
506 4019 554 4059 η.

217 4067 224 4102 t
