2812 4656
144 401 761 482 memortroamscnmttte.‚etc.
775 411 995 460 crescitur.
1025 415 1094 491 207

100 529 315 632 generatim,
331 542 369 602 et
385 527 579 626 speciatim
594 552 640 599 ex
657 527 813 624 propria
832 525 1099 604 observatione

99 652 197 748 signa
211 647 411 746 proposuit
428 644 502 744 (1),
516 660 557 732 ¹et
572 643 767 743 productis
792 667 861 716 suo
877 644 965 717 loco
984 647 1097 720 histo-

100 767 158 838 riis
173 781 255 839 tum
277 763 325 836 ad
350 779 484 840 caetera
506 786 646 862 genera
664 761 740 859 (a),
772 776 855 834 turn
873 761 926 851 ad¹
948 762 1096 859 hocvde

100 908 171 983 quo
180 879 379 984 agitur(3)‚
389 877 668 980 pertinentibus
677 876 922 952 confirmavit.
937 880 1099 971 Quibus·

100 1027 179 1076 cum
201 1003 337 1098 junges
369 1023 451 1098 quae
476 997 524 1070 ab
554 999 673 1070 altero
698 997 835 1071 illustri
858 997 1008 1072 medico
1038 1000 1100 1071 ad·

97 1121 187 1217 jecta
216 1133 306 1192 sunt
330 1117 435 1214 signa
460 1115 508 1188 ad
537 1115 612 1188 hoc
637 1116 741 1188 idem
775 1141 895 1215 genus
924 1132 1098 1215 spectan-

100 1236 219 1335 tiam).
241 1237 397 1336 Soporis
414 1251 539 1308 eutem
557 1235 765 1333 gratissimi
786 1259 875 1306 mox
898 1235 1098 1308 adventuri

99 1355 274 1428 indicium
292 1352 437 1428 videbis
454 1351 557 1452 apud
575 1357 732 1458 Tortum
752 1350 810 1454 (5)
826 1351 900 1426 hoc
913 1353 1013 1426 inter
1032 1378 1097 1426 cac-

99 1488 187 1562 tert‚
205 1471 312 1573 quod
326 1495 425 1571 aeger
441 1469 634 1544 interdum
649 1469 865 1543 balbutiens
881 1471 996 1543 rerba
1014 1497 1098 1544 mu-

99 1592 189 1680 citet,
203 1591 264 1664 vel
278 1615 398 1662 unum
418 1615 490 1688 pro
506 1589 580 1662 alio
595 1587 781 1687 proferat,
795 1613 873 1660 non
889 1614 992 1662 secus
1007 1615 1054 1663 ac
1065 1597 1100 1663 si

101 1707 163 1784 levi
175 1707 386 1808 apoplexia
410 1715 450 1780 in
468 1707 608 1805 ltirguae
618 1705 829 1807 paralysim
849 1705 1099 1805 degenerante

90 1827 382 1918 Jorctdetcntus.
405 1831 468 1922 Est
493 1827 604 1912 etiam
634 1825 736 1926 apud
759 1826 936 1906 eumdem
964 1829 1097 1901 vetulae

100 1945 246 2021 historia
268 1945 286 2028 ί
287 1945 348 2042 6),
363 1945 430 2043 qui
443 1945 483 2016 in
501 1941 617 2020 lebris
636 1943 922 2017 exacerbatione
939 1970 1025 2018 cum
1037 1971 1098 2020 ac·

101 2063 241 2140 cidisset
261 2088 343 2136 non
363 2062 481 2136 modo
495 2075 537 2136 ut
554 2076 657 2136 recte
679 2059 794 2134 rerba
817 2058 987 2160 proferre
1017 2088 1098 2138 nou

100 2195 235 2281 posset,
257 2205 391 2256 verum
410 2181 522 2254 ctiam
550 2176 745 2252 manifesta
770 2180 896 2277 aliqua
914 2181 990 2253 oris
1008 2205 1101 2254 con*n
1117 2205 1128 2224 ·’

100 2298 226 2391 tersio,
253 2302 296 2372 in
331 2299 508 2398 sequenti
539 2295 825 2370 exacerbatione
855 2321 943 2372 cum
964 2297 1098 2372 iisdem

100 2441 206 2517 sopor
223 2421 384 2517 insuper
397 2418 519 2516 gravis
526 2417 706 2505 accessit,
725 2416 764 2488 in
784 2417 956 2514 proxima
971 2433 1099 2491 autem

100 2537 310 2636 apoplexia,
327 2561 411 2635 quae
425 2537 464 2606 in
479 2535 678 2634 paralysim
689 2531 834 2606 dexteri
843 2536 960 2608 totius
972 2535 1099 2610 lateris

100 2657 284 2728 transivit:
300 2670 414 2753 atque
430 2669 473 2726 ut
489 2653 606 2742 scias,
625 2651 704 2726 haec
723 2677 745 2724 a
761 2649 858 2726 febri
874 2650 1008 2742 fuisse3
1025 2678 1098 2727 usu
1129 2717 1133 2722 .
1249 2680 1252 2689 ·

100 2773 302 2848 remeant
323 2773 474 2846 corticis
502 2770 648 2846 sublata
671 2786 769 2844 suot.
809 2765 992 2870 Irtelligis
1017 2797 1097 2844 non

101 2891 216 2964 solum
243 2917 328 2991 quac
353 2915 550 2990 soporem,
569 2903 607 2962 et
629 2905 717 2988 post
738 2888 843 2962 hunc
861 2889 1098 2988 apoplexiam

101 3007 284 3084 interdum
301 3010 615 3110 prenunciarint,
642 3007 709 3081 sed
738 3007 848 3081 simul
873 3008 1117 3106 apoplectici·

101 3130 218 3224 potius
236 3129 405 3229 generis,
423 3153 538 3228 quam
564 3126 760 3226 lethargici
785 3127 898 3200 istum
929 3148 1010 3197 esse
1036 3148 1096 3198 eo·
