2946 4662
268 373 339 460 504
431 397 478 444 nc
504 397 651 444 sumans
677 397 721 442 ur
746 395 869 444 causis
896 395 1105 445 nonnonuu

263 514 341 581 Cur
352 511 465 606 igitur
480 511 519 578 in
541 508 616 578 hoc
635 510 717 578 viro
744 509 775 580 si
796 508 846 580 ob
864 509 1025 580 similem
1039 533 1187 582 causam
1202 531 1270 580 vas

263 627 420 724 aliquod
443 628 569 724 rumpi
590 628 630 696 in
652 625 806 698 thorace
825 625 979 714 debuit,
998 653 1078 699 non
1100 653 1203 698 veuae
1230 625 1271 696 id

264 746 411 843 potius,
441 769 556 842 quam
576 745 654 816 vasi
678 745 837 842 contigit
868 746 1103 818 crassissimis
1134 745 1273 816 tunicis

191 837 196 859 ⁸
264 847 454 959 praedito,
465 863 575 960 quale
589 863 732 933 arteriae
741 875 1048 960 magnetruncus
1059 877 1131 949 est,
1149 886 1270 960 prope

266 1005 334 1051 cor
346 980 572 1077 praesertim?
589 985 659 1050 Fac
678 979 838 1076 cogiteS,
854 978 1101 1053 hominemex
1110 1003 1273 1060 venerea

263 1099 326 1170 lue
343 1097 551 1168 obnoxium
582 1094 694 1167 fuisse
720 1096 888 1194 spirandi
915 1093 1149 1184 difficultati,
1175 1111 1273 1167 arte·

263 1217 356 1286 riam
371 1231 497 1286 autem
516 1239 690 1312 magnam
706 1238 785 1284 non
804 1229 1023 1312 perruptam
1041 1239 1119 1286 esse
1138 1216 1269 1286 inven-

262 1349 354 1420 tam,
372 1331 437 1404 sed
457 1357 592 1430 parvo,
612 1346 649 1404 et
662 1330 815 1404 fortasse
842 1330 1017 1430 obliquo,
1033 1346 1076 1402 ut
1098 1330 1266 1418 videtur,

264 1448 448 1522 foramine
465 1463 668 1547 pertusam.
685 1446 842 1536 Sicubi,
860 1473 993 1520 eorum
1007 1449 1168 1520 memori
1186 1473 1270 1546 quae

264 1567 311 1638 de
324 1581 446 1636 morte
462 1567 660 1664 repentina
682 1565 850 1638 scribens
871 1593 917 1638 ex
938 1565 1022 1638 labe
1038 1563 1271 1664 sanguifero-

262 1673 353 1754 rum
379 1707 554 1754 vasorum
577 1683 651 1780 (1),
688 1684 830 1756 arteriae
860 1683 959 1756 illius
986 1684 1094 1767 vitia,
1124 1684 1271 1754 tunicas

264 1801 402 1873 sensim
422 1799 671 1898 perforantia,
690 1817 728 1874 et
744 1801 918 1898 sanguini
936 1802 1078 1873 exitum
1094 1799 1154 1871 vel
1171 1802 1271 1870 intra

261 1917 515 2019 pericardium
543 1919 748 2018 aperientia
776 1919 983 2018 proposui,
1020 1925 1071 1989 sic
1096 1916 1191 2005 tibi‚·
1209 1919 1270 1986 in-

263 2061 395 2135 quam,
416 2032 523 2108 facile
540 2037 666 2109 veniet
687 2037 726 2106 in
747 2043 930 2124 mentem,
952 2033 1046 2132 quid
1061 2035 1101 2104 in
1113 2033 1188 2105 hoc
1205 2031 1271 2104 ho·

262 2157 365 2272 minp
383 2157 612 2252 praecessisse
633 2155 819 2253 potuerit,
844 2152 946 2225 unde
966 2151 1019 2223 ibi
1042 2151 1148 2224 laesus
1175 2166 1272 2223 arte·
1324 2169 1327 2174 ·

262 2274 325 2343 riae
344 2287 501 2344 truncus
533 2288 612 2344 tum
642 2271 863 2369 sanguinem
884 2269 989 2341 haud
1009 2273 1096 2341 satis
1122 2268 1274 2368 propel-

262 2391 393 2478 lendo,
414 2391 674 2488 respirationis
696 2387 979 2478 difficultatem,
1001 2403 1082 2461 tum
1102 2386 1270 2484 denique

263 2507 388 2581 addita
403 2509 548 2606 ingenti
568 2507 619 2578 ob
647 2507 834 2605 ejusmodi
856 2531 985 2580 casum
1005 2507 1274 2592 concussione,

260 2651 343 2728 quae
370 2625 560 2722 reliquum
582 2623 705 2696 adhuc
724 2625 890 2722 aliquem
917 2625 957 2696 in
985 2626 1113 2696 tunica
1131 2625 1269 2696 extima

259 2756 522 2841 perrumperet
541 2739 710 2830 obicem,
735 2739 997 2832 effundendo,
1027 2757 1188 2814 mortem
1208 2765 1269 2813 ce-

261 2860 450 2930 lerrimam
479 2857 639 2937 afferret.
662 2858 774 2949 Quod
796 2859 952 2947 vitium,
969 2859 1001 2932 si
1018 2859 1189 2932 Valsalva
1208 2861 1270 2929 in-

259 2979 437 3051 teriorem
461 2981 604 3050 arteriae
632 2975 764 3050 faciem
797 2978 1039 3077 inspexisset,
1060 3003 1140 3049 non
1166 2975 1269 3049 diffi-

259 3095 350 3184 cile,
367 3087 411 3168 u't
426 3098 587 3194 opinor,
611 3093 741 3167 fuisset
762 3095 1075 3168 animadversum.
1111 3088 1268 3168 Utcum-

258 3238 334 3311 que
351 3212 391 3284 id
409 3229 484 3302 est,
507 3227 607 3285 certe
635 3213 742 3311 quod
763 3215 803 3286 iu
833 3213 948 3287 corde
974 3211 1136 3285 offendit
1167 3215 1267 3286 senis

256 3330 357 3401 illius
382 3330 489 3425 cujus
512 3330 687 3428 protinus
709 3327 905 3402 historiam
931 3328 1163 3418 describam,
1188 3330 1273 3427 jam·

257 3446 324 3520 diu
347 3461 457 3520 antea
474 3439 613 3536 fuisse,
644 3431 691 3520 es
703 3449 783 3519 vitii
806 3449 922 3547 ipsius
941 3463 1074 3520 natura
1090 3445 1268 3520 manifes-

254 3581 337 3638 tum
353 3579 418 3636 e'st.
604 3648 606 3654 Ι
1348 3557 1350 3564 ’

300 3707 334 3780 9.
356 3687 477 3753 Senex
501 3707 645 3754 annum
678 3705 793 3780 agens
833 3683 1181 3780 septuagesimum,
1211 3682 1261 3754 ab

285 3933 328 4016 (r)
348 3935 441 4028 Epist.
461 3935 509 3993 26.
