2946 4662
278 369 349 454 ἀπή
444 387 491 432 nr
517 383 662 432 sumnus
687 385 731 430 rr
756 383 880 432 causis
905 380 1114 432 moruorum

274 522 454 597 apparere
470 512 675 580 tumorem,
691 493 939 569 Rouhaultius
950 497 1003 591 (1)
1017 495 1128 583 vidit,
1150 511 1186 568 et
1202 522 1278 594 qua

275 617 314 687 id
330 617 475 688 ratione
489 611 571 684 fieri
588 614 721 710 possit,
736 611 924 684 indicavit.
954 617 1095 710 Neque,
1105 614 1176 684 alia
1193 640 1279 711 quae

274 734 435 830 antiqui,
454 746 518 802 aut
534 746 704 802 recentes
719 746 1020 827 proposuerunt,
1037 731 1175 804 indicia
1190 733 1277 804 satis

273 865 511 951 prosunt,ut
522 850 552 920 si
567 849 625 920 vel
644 848 725 936 ille,
745 848 812 945 qui
828 848 935 946 loqui
947 874 1025 921 non
1044 865 1186 947 potest,
1205 873 1277 922 nec

273 969 484 1066 intelligere
504 991 657 1038 manum
673 963 833 1040 subinde
852 966 899 1036 ad
917 982 1054 1038 certam
1071 967 1201 1065 capitis
1218 991 1278 1038 se-

275 1085 362 1156 dem
371 1084 582 1169 admoveat,
596 1083 655 1152 vel
666 1082 815 1171 medici,
827 1083 984 1158 alterum
998 1083 1094 1156 forte
1106 1086 1278 1182 corporis

275 1204 372 1275 latus
401 1202 610 1274 resolutum
643 1200 1000 1290 animadvertentes,
1027 1204 1066 1273 in
1100 1203 1277 1300 opposito

275 1321 406 1418 capitis
429 1320 542 1390 latere
562 1343 697 1390 noxam
714 1343 792 1390 esse
808 1320 1021 1414 conjiciant.
1038 1323 1131 1390 Nam
1143 1335 1278 1417 praeter

274 1461 394 1510 unum
426 1438 492 1534 qui
514 1438 696 1533 majorem
725 1423 878 1509 fortasse
913 1439 1075 1510 exterius
1104 1436 1277 1510 dolorem
1315 1523 1319 1530 ι

274 1570 445 1642 moveat,
466 1553 536 1624 alia
549 1577 628 1626 esse
645 1569 804 1651 possunt
817 1553 901 1624 loca
918 1554 989 1626 sub
1004 1554 1141 1652 quibus
1158 1555 1278 1649 majus

277 1697 406 1744 revera
421 1672 531 1744 lateat
548 1673 740 1744 internum
749 1673 880 1742 vitium
891 1695 1033 1768 :neque
1048 1670 1122 1742 hoc
1140 1671 1278 1744 resolu-

280 1792 333 1860 tio
353 1789 478 1886 aliqua
504 1812 653 1887 semper
671 1804 925 1885 consequatur
950 1813 1101 1862 necesse
1124 1804 1200 1877 est;
1214 1805 1279 1860 aut

281 1910 311 1982 si
331 1907 592 2004 consequitur,
624 1931 704 1980 non
727 1922 927 2004 propterea
948 1921 1074 1978 tamen
1098 1922 1140 1978 ut
1165 1903 1289 1982 affec·=¹

276 2041 356 2098 tum
371 2026 501 2123 capitis
516 2024 628 2112 latus,
648 2026 699 2096 sic
718 2025 844 2096 lateris
856 2040 1000 2122 partem
1027 2026 1219 2097 noscimus
1238 2026 1291 2100 in¹

276 2168 352 2241 qua
372 2143 608 2240 potissimum
630 2143 761 2212 vitium
786 2143 842 2214 sit.
873 2147 978 2212 Hanc
1006 2157 1131 2216 autem
1159 2142 1279 2239 ipsam

277 2285 505 2360 cognoscere
529 2284 681 2334 necesse
706 2274 821 2346 essct,
852 2274 894 2334 ut
919 2258 1164 2357 aperiendum
1184 2258 1281 2330 fora-

275 2404 365 2450 men
386 2379 457 2476 ipsi
474 2376 739 2476 responderet,
770 2399 840 2448 nec
857 2374 997 2450 frustra
1013 2391 1182 2474 apertum
1200 2401 1292 2450 esse.

277 2520 409 2570 omnes
417 2495 678 2592 intelligerent.
696 2494 883 2564 Verumin
892 2493 1155 2590 cognoscenda
1165 2519 1280 2592 quam

276 2612 426 2702 fallaces
446 2637 540 2709 saepe
562 2614 635 2684 sint
654 2611 900 2706 conjectura,
919 2611 979 2682 vel
996 2611 1085 2702 hinc
1100 2627 1255 2710 apparet
1269 2667 1292 2697 ‚.

276 2729 381 2827 quod
400 2730 468 2803 etsi
484 2754 571 2826 pars
591 2732 671 2826 ipsa
688 2729 760 2800 icta
782 2727 830 2806 ab
846 2752 945 2825 aegro
970 2729 1181 2818 indicetur,
1198 2731 1279 2802 imo

274 2846 509 2945 ecchymosi,
529 2863 565 2919 et
581 2863 730 2918 tumore
743 2871 781 2920 se
795 2847 916 2945 ipsam
927 2848 1102 2945 praeclare
1119 2849 1277 2938 indicet,

272 2991 352 3041 non
364 2991 450 3036 raro
461 2979 587 3042 tamen
602 2989 709 3038 casus
723 2963 898 3036 incidunt
914 2966 955 3035 in
972 2965 1112 3062 quibus
1139 2966 1209 3038 alia
1228 2969 1291 3066 sit¹

272 3109 359 3184 pars
373 3099 545 3173 contusa,
562 3084 634 3156 alia
650 3085 690 3154 in
707 3107 821 3180 quam
829 3080 963 3156 effusio
978 3081 1143 3162 factasit.
1163 3085 1276 3174 Quod

169 3260 174 3270 ,
274 3229 361 3276 cum
378 3229 421 3276 ex
439 3200 666 3300 quibusdam
687 3201 1059 3300 superiore-epistola
1079 3202 1278 3299 descriptis
1296 3295 1299 3304 ,

273 3318 617 3404 observationibus,
641 3320 796 3417 aliisque
813 3317 1059 3406 intellexerim
1079 3334 1159 3390 tum
1179 3344 1294 3418 prae-,

274 3437 400 3508 sertim
419 3462 464 3508 ex
489 3436 559 3507 hac
591 3460 816 3534 cognosces,
847 3461 960 3532 quam
985 3439 1166 3508 continuo
1192 3437 1278 3509 sub-

267 3555 413 3652 jicia1n‚
448 3553 637 3624 Mediaviae
663 3556 784 3626 nostri
809 3552 985 3643 historia,
1023 3579 1069 3626 eo
1103 3554 1296 3652 digniore..

312 3925 354 4004 (r)
376 3927 475 3990 Traite
490 3927 540 3982 des
554 3926 645 4004 plaies
660 3925 696 3980 de
711 3925 787 3996 tete,
803 3925 850 3989 ch.
869 3943 915 3988 ιο.
1010 3991 1014 3998 ⁴
