2854 4660
184 456 313 529 trnssrv.
332 479 527 528 nunonem
542 479 738 544 caraune,
754 472 822 528 etc.
842 483 953 531 misr.
973 486 1020 532 ιι.
1049 463 1121 536 365

41 606 44 610 ’
110 597 188 668 sior
205 593 321 681 facta,
353 619 373 664 a
404 592 562 664 cerebro
587 593 694 664 facile
727 595 989 691 separabatur:
1015 600 1120 694 quod
1148 623 1152 630 ·

109 712 253 784 ibidem
274 711 321 784 ad
341 713 534 783 cinereum
546 711 714 782 colorem
729 767 739 799 ,
757 713 838 806 ejus
865 712 912 783 de
937 739 1015 810 quo
1042 713 1121 787 dic-

108 844 191 900 tum
212 845 283 916 est,
304 831 410 926 puris
423 853 502 898 non
520 827 749 916 absimilem,
770 829 986 901 inclinabat.
1002 835 1118 904 Porro

109 947 309 1019 cerebrum
325 947 533 1043 angustiori
553 947 652 1016 intra
676 948 846 1018 cranium
876 949 996 1045 spatio
1019 949 1120 1020 clau-

108 1063 279 1136 debatur.

160 1183 216 1254 31.
233 1186 289 1252 De
309 1182 461 1252 arctiori
476 1184 575 1253 intra
596 1183 767 1254 cranium
788 1184 932 1280 spatio,
961 1184 1118 1281 ejusque

108 1302 247 1387 causis,
267 1323 360 1397 quas
378 1290 574 1371 interesse
592 1300 754 1372 vidimus
779 1302 846 1397 qui
867 1301 1119 1398 plenilunium

105 1433 297 1516 reponant
311 1432 347 1489 et
368 1416 508 1514 quibus
525 1419 692 1492 austrina
715 1420 956 1508 constitutio,
981 1444 1123 1516 expan-.

108 1535 205 1608 deus
224 1537 464 1633 sanguinem,
493 1535 666 1608 addenda
687 1551 760 1626 est,
785 1561 952 1634 quorum
971 1551 1119 1608 utrum-

106 1679 184 1752 que
215 1655 254 1725 in
285 1653 443 1726 historia
477 1653 548 1725 hac
587 1657 897 1726 commemoravit
926 1654 1117 1746 Valsalva,

105 1773 178 1845 scis
207 1795 227 1842 a
255 1775 530 1869 mesuprat1)
560 1795 639 1844 esse
662 1775 856 1870 scriptum.
885 1773 999 1862 Quod
1023 1799 1114 1844 vero

105 1888 323 1988 apoplexia,
347 1903 388 1959 ut
402 1903 460 1959 tot
480 1889 590 1972 alios,
607 1888 929 1985 quemadmodum
953 1891 992 1959 in
1012 1894 1118 1988 Epis-

104 2007 195 2079 tolis
221 2007 448 2077 Anatomicis
477 2006 530 2102 (a)
564 2005 772 2078 indicatum
803 2021 882 2094 est,
921 2005 1116 2080 hominem

104 2122 374 2221 prehenderit,
392 2126 483 2196 dum
498 2148 536 2196 se
554 2149 574 2194 a
595 2123 750 2196 dextero
768 2126 806 2194 in
821 2125 1012 2224 sinistrum
1031 2149 1116 2212 con·

104 2255 270 2314 verteret
289 2241 408 2330 latus,
425 2240 488 2312 hic
505 2265 548 2314 ea
567 2252 646 2313 esse
662 2265 771 2313 causa
787 2243 909 2338 potuit
926 2241 1032 2338 quod
1053 2267 1116 2340 pu·

104 2361 158 2432 ris
167 2360 275 2457 copia
287 2384 369 2456 quae
390 2385 411 2430 a
432 2357 571 2431 dextris
590 2362 743 2446 erat,sic
761 2356 1031 2432 totumfactum
1044 2361 1115 2433 sibi

105 2476 526 2574 subjectumcerebrum
545 2492 650 2548 tanto
662 2477 911 2575 periculosius
924 2503 1115 2577 compres-

105 2597 214 2681 serit,
244 2610 390 2692 quanto
417 2597 494 2691 jam
515 2598 635 2694 magis
665 2595 715 2667 ob
738 2597 934 2693 angustius
953 2599 1114 2694 spatium

104 2716 207 2785 intra
223 2713 422 2784 calvariam
444 2739 706 2812 compressum
726 2729 815 2786 erat.

157 2831 214 2904 δι.
232 2833 300 2903 Vir
316 2857 504 2902 annorum
522 2832 798 2932 quinquaginta
830 2828 952 2904 caesi'm
976 2834 1015 2902 in
1037 2820 1130 2904 sin-¹

104 2951 232 3049 cipite.
242 2949 477 3038 vulneratus,
506 2949 607 3020 illico
626 2951 784 3020 vomuit.
815 2954 860 3019 In
877 2949 979 3022 idem
999 2975 1111 3022 noso-

105 3070 275 3156 comium
291 3069 496 3166 excipitur,
513 3066 579 3138 ubi
592 3067 662 3140 sub
677 3067 831 3137 vulnere
845 3091 887 3138 os
904 3069 954 3138 ita
969 3063 1118 3164 depres'
1137 3160 1143 3166 ἶ

105 3211 193 3260 sum
211 3185 538 3271 animadvertitur,
565 3185 670 3255 nulla
696 3199 739 3254 ut
764 3198 842 3254 arte
868 3184 1009 3254 retrahi
1026 3209 1114 3282 pos-

105 3306 165 3378 sit.
178 3304 326 3376 Vulnus
345 3303 533 3402 principio
552 3326 631 3372 non
657 3299 828 3372 dolebat:
852 3315 938 3397 post
953 3300 1032 3372 dies
1053 3327 1114 3374 au·

103 3435 186 3492 tem
208 3421 353 3517 aliquot
371 3418 641 3491 formicationis
663 3440 775 3489 sensu
794 3413 1037 3490 afficiebatur.
1057 3419 1115 3490 Ad

39 3625 46 3642 .
104 3561 224 3636 quem
237 3561 323 3608 cum
341 3553 465 3609 motus
483 3535 690 3608 convulsivi
713 3549 795 3606 toto
811 3559 972 3633 corpore
987 3559 1112 3608 acces·

105 3655 261 3742 sissent,
284 3655 440 3726 ineunte
469 3653 673 3726 undecimo
697 3651 757 3724 die
783 3654 857 3724 vita
883 3677 970 3750 cum
992 3667 1114 3724 morte

148 3933 193 4016 (ι)
214 3939 252 3994 Ν.
276 3955 322 3994 ιο.

149 4036 194 4117 (a)
214 4037 307 4108 XIII,
320 4057 350 4092 ιι.
366 4045 413 4104 ²4·
