2854 4660
195 457 264 503 nm.
281 456 330 502 ιν.
344 457 392 502 nn
406 449 835 521 none1scn1nunc.,etc.
850 458 962 507 nrrsr.
980 438 1027 508 m.
1057 438 1122 512 381

122 595 227 646 mero
242 569 422 659 obrutus,
442 569 542 642 illius
561 569 702 643 oblitus
721 573 784 659 sit,
803 589 1008 646 memorata
1024 579 1129 673 Epis·

120 691 223 780 tola(
230 690 300 786 ηε
320 713 380 760 me
396 687 591 786 producti,
613 692 750 786 inquo
775 705 902 762 tamen
930 695 1130 766 vetustissi-

119 831 204 880 mus
225 805 288 879 ille
305 821 517 904 praeceptor
533 805 588 901 (a)
606 806 744 880 diserte
755 807 902 897 docuit,
919 810 1039 906 capite
1052 811 1129 881 vul·

119 940 271 998 neratos
298 921 516 1022 impotentes
520 926 616 1020 fieri
626 977 637 1010 ,
658 908 693 993 si
708 930 746 993 in
760 924 903 996 dextris
913 922 1127 1017 fuerit'vul·

118 1069 203 1132 nus,
222 1050 260 1114 in
274 1049 426 1114 sinistro
440 1057 575 1141 parte;
588 1047 622 1112 si
636 1067 728 1113 vero
748 1049 786 1112 in
802 1049 973 1132 sinistrae,
987 1050 1024 1114 in
1041 1045 1127 1116 derc-

119 1177 203 1232 tra:
228 1185 305 1258 quo
327 1160 422 1230 nihil
449 1159 525 1231 dici
552 1159 784 1232 luculentius
821 1175 972 1258 potest3
1010 1187 1127 1259 quan-

117 1303 232 1376 quam
251 1281 421 1349 Donatus
431 1276 578 1365 scribit,
598 1276 646 1347 de
655 1278 836 1376 paralysi
845 1285 1031 1378 oppositae
1034 1307 1128 1378 par·

117 1403 161 1468 tis
174 1395 313 1468 nullibi
324 1399 620 1493 Hippocratem,
642 1395 748 1492 qnod
766 1402 973 1467 meminerit
979 1452 991 1486 ‚
1006 1399 1127 1470 verba

109 1516 255 1604 fecisse
273 1513 386 1603 Quod
400 1535 492 1584 vero
503 1514 819 1610 antiquioresilli‚
842 1529 879 1585 et
897 1515 1125 1587 asseclarum
1194 1545 1198 1555 ·

114 1631 219 1704 haud
234 1632 343 1729 pauci
360 1655 440 1701 non
450 1630 544 1718 hoc,
568 1629 634 1702 sed
656 1630 752 1701 illud
775 1630 993 1728 quodtanto
1006 1633 1125 1730 pluri-

112 1749 287 1822 buslocis
296 1749 478 1820 traditum
503 1746 829 1838 fuerat,accidere
844 1765 885 1820 ut
903 1751 1122 1847 plurimum,

112 1865 1125 1964 existimarent,hincmagnaex'partefactumcredide·

113 1985 594 2084 rim,quod'mortuorum
620 1987 743 2082 capita
772 2009 851 2056 non
875 1985 1124 2076 dissecantes,

112 2131 155 2178 ex
175 2103 343 2176 vulneris
356 2102 443 2175 s'ede
457 2127 572 2201 quam
588 2103 627 2172 in
644 2104 765 2200 capite
778 2102 976 2191 videbant,
996 2105 1123 2176 sedem

82 2315 83 2320 ἵ
111 2244 269 2322 quoque
289 2237 491 2320 arguerent
514 2221 732 2292 detrimenti
750 2219 908 2292 cerebro
928 2221 1038 2308 illati,
1058 2240 1124 2297 aut

111 2343 140 2414 si
158 2342 259 2413 hanc
278 2336 502 2438 aliquande,
524 2339 653 2410 cranio
669 2338 716 2409 ab
733 2340 811 2410 ictu
824 2339 923 2436 ipse,
941 2355 1004 2411 ant
1023 2341 1123 2414 inter

110 2459 322 2533 curandum
333 2459 410 2531 suis
422 2456 660 2530 ferramentis
674 2455 866 2555 perforato
882 2458 1051 2544 ,vulneri
1065 2485 1123 2532 su-

108 2575 218 2651 besse
228 2578 504 2675 conspicerent,
513 2577 633 2672 majus
641 2590 762 2664 certe,
780 2589 817 2646 et
825 2577 1061 2674 praecipuum
1073 2581 1122 2648 vi-

108 2694 432 2792 tiumiuopposita
440 2692 588 2765 cerebri
599 2708 705 2790 parte
714 2716 794 2764 esse
811 2717 943 2790 posse,
963 2696 1120 2768 minime

109 2814 403 2910 suspicarentur,
419 2826 553 2884 contra
562 2825 675 2907 atque
693 2810 925 2882 censendum
939 2835 1018 2884 esse
1038 2837 1120 2885 ana·

109 2945 211 3002 tome
248 2930 398 3016 docuit,
428 2945 469 3000 ut
506 2951 622 3026 supra
647 2927 702 3024 (3)
731 2927 1031 3001 demonstratum
1051 2949 1117 3004 est.

157 3053 218 3146 47.
240 3052 423 3120 Caeterum
443 3070 523 3116 non
550 3044 628 3115 haec
647 3068 693 3116 eo
713 3044 799 3114 dico
820 3043 924 3142 quod
955 3048 1120 3118 nesciam
1207 3131 1211 3138 Ι

108 3165 356 3238 convulsione
376 3162 478 3235 haud
496 3163 547 3234 ita
563 3185 649 3232 raro
669 3160 708 3232 id
730 3161 828 3231 latus
847 3164 1018 3258 corporis
1039 3188 1120 3260 pre·

108 3281 226 3357 hendi
243 3282 348 3383 quod
365 3281 564 3354 adversum
581 3293 637 3350 est
652 3276 800 3350 cerebri
818 3275 923 3348 lateri
936 3331 946 3366 ‚
960 3279 1051 3350 vitio
1064 3306 1120 3354 re-

107 3426 196 3474 vera
214 3403 405 3499 praecipuo
427 3397 624 3470 laboranti.
649 3396 752 3486 Quid
773 3394 874 3465 enim
893 3398 1117 3494 Poupartius

107 3543 153 3590 ex
170 3520 348 3616 propria,
373 3519 540 3615 itemque
565 3541 610 3588 ex
630 3513 793 3586 Chiracii
812 3514 1022 3585 anatomica
1046 3518 1118 3589 ins-

162 3840 177 3875 ,Ι
245 3861 252 3876 ⁸
315 3861 322 3876 ·

147 3817 192 3997 ἑή)
211 3823 334 3994 lipidil.
353 3939 385 3990 7,
402 3938 432 3974 n.
448 3935 484 3993 ¹9
499 3916 581 3993 apud
593 3915 742 3974 Marinell.
861 3890 868 3904 ⁹

148 4017 191 4095 (3)
213 4021 251 4076 N.
274 4020 320 4086 43.
