2812 4656
163 439 233 486 mr.
250 435 298 485 tv.
321 435 522 490 ornemus
534 435 732 502 cernone,
750 427 819 483 etc.
835 437 948 484 rerer.
963 440 996 485 n.
1025 415 1096 490 255

89 578 268 652 quoque,
286 553 370 650 ipso
389 552 567 622 nimirum
588 549 830 649 pinguedinis
842 552 1012 649 pondere
1028 581 1101 630 ma·

90 673 147 771 gis
162 675 207 746 in
225 670 324 760 dies,
346 671 541 768 magisque
566 684 646 739 tum
665 668 840 756 cellulas,
870 685 950 740 tum
976 685 1102 744 cutem

89 791 264 868 laxante:
284 787 536 886 quamobrem
551 787 694 858 cellulae
707 786 785 857 aliae
800 801 913 884 atque
925 790 1020 877 aliae,
1038 813 1102 862 su·
1131 787 1133 790 ’

90 907 194 986 blata
208 907 328 1004 priori
348 907 578 991 resistentia,
594 927 633 978 se
650 904 863 1000 explicant,
887 906 1105 1004 mirumque
1192 964 1196 980 .

92 1027 134 1100 in
154 1023 313 1100 modum
333 1019 573 1122 amplificant.
596 1025 790 1114 Quantum
810 1037 935 1094 autem
952 1023 999 1095 ad
1022 1026 1106 1123 pin·

94 1143 227 1242 guium
260 1143 371 1216 etiam
402 1155 596 1212 tumorum
631 1137 964 1236 amplificationem
999 1140 1109 1216 faciat
1199 1135 1206 1172 ³
1305 1125 1309 1133 ¹

94 1259 243 1338 sublata
258 1259 490 1345 resistentia,
510 1258 588 1329 duo
608 1257 665 1327 illi
683 1259 890 1356 presertim
903 1261 1110 1334 ostendunt

94 1401 194 1476 quos
206 1377 319 1476 paulo
331 1391 418 1449 ante
429 1375 488 1474 (1)
505 1375 677 1448 dicebam
694 1401 716 1448 a
732 1375 777 1447 cl.
792 1378 881 1449 viris
899 1377 1108 1477 descriptos

93 1503 150 1574 Io.
165 1501 208 1572 G.
225 1501 395 1592 Hoycro,
414 1510 452 1568 et
475 1495 553 1566 Elia
577 1497 801 1572 Camerario.
840 1501 957 1574 Erosa
986 1499 1108 1587 enim,

95 1630 161 1692 aut
174 1615 294 1690 incisa
316 1613 364 1686 ab
392 1615 533 1712 agyrtis
551 1629 654 1702 oute,
677 1629 714 1685 et
744 1637 843 1712 pene
866 1629 945 1686 tota
975 1640 1110 1693 eorum

97 1734 255 1832 adipata
275 1732 502 1818 substantia,
524 1747 589 1807 aut
613 1757 694 1802 non
710 1734 843 1830 exigua
867 1732 980 1829 hujus
1005 1751 1112 1832 parte

6 1951 7 1954 Ἴ
92 1850 297 1948 adempta,
317 1873 433 1952 quam
460 1850 601 1924 mirum
621 1849 700 1937 illi,
731 1863 768 1920 et
790 1873 904 1946 quam
929 1834 1118 1926 acceleras¹

101 1984 185 2046 tum
205 1967 484 2064 ejusdemmodi
511 1968 728 2040 substantie
748 1969 1027 2040 incrementum
1053 1995 1113 2042 ce·

101 2087 250 2185 peritii,
277 2111 326 2161 cx
350 2087 550 2183 utriusque
585 2085 753 2172 historiis
788 2111 1004 2184 cognosces.
1035 2090 1112 2168 Etsi

6 2191 8 2194 ⁵
104 2229 198 2282 vero
217 2203 266 2278 dc
292 2202 514 2278 membrana
534 2203 615 2302 ipsa
646 2202 802 2300 adiposa
821 2193 937 2276 verba
963 2199 1143 2297 sacione,

104 2321 203 2398 nihil
233 2321 308 2398 boc
328 2321 413 2394 loco
435 2324 507 2395 nisi
532 2322 687 2400 cellulae
712 2304 1016 2407 nominaverim⁴
1037 2351 1118 2398 non

105 2455 310 2542 propterea
324 2440 371 2514 de
380 2442 462 2538 ejus
478 2456 668 2514 structura
683 2440 755 2513 tibi
767 2439 1002 2538 prescribere
1012 2444 1120 2542 quid-

105 2583 221 2659 quam
234 2559 348 2632 volui.
366 2561 451 2631 Sive
463 2559 568 2632 enim
586 2559 811 2656 majusculas
830 2560 1012 2656 quasdam
1038 2563 1120 2660 ejus

105 2676 337 2756 membranae
360 2693 488 2776 partes
508 2679 699 2765 sacculos,
724 2693 789 2752 aut
814 2678 924 2751 lobos
943 2681 1120 2756 malueris

107 2796 318 2896 appellare,
341 2797 510 2869 minores
528 2812 654 2870 autem
683 2795 854 2884 lobulos,
880 2812 917 2870 et
945 2800 1120 2872 minimas

108 2915 267 2990 demum
282 2914 457 3003 cellulas,
474 2930 539 2986 aut
554 2915 704 3002 acinos,
723 2916 800 2986 sive
814 2914 891 2986 haec
902 2917 1031 2987 omnia
1041 2941 1121 2989 uno

110 3033 336 3110 cellularum
353 3032 541 3106 vocabulo
559 3031 903 3131 comprehendere,
917 3035 993 3106 sive
1008 3059 1125 3106 mem·

107 3151 273 3228 brancas
292 3149 540 3224 revolutiones
568 3166 608 3221 ot
634 3147 942 3248 complicationes
972 3149 1120 3238 dicere,

112 3272 192 3344 sive
212 3270 326 3340 etiam
358 3267 622 3340 membraneos
654 3269 813 3339 laminas
829 3269 930 3342 varie
953 3269 1053 3340 inter
1084 3293 1122 3341 se

111 3385 311 3462 inclinatas
342 3411 353 3474 3
387 3379 547 3485 perinde
594 3387 666 3458 erit
696 3384 742 3455 ad
771 3409 852 3457 rem
893 3387 1126 3485 propositam

112 3503 418 3601 intelligendam,
440 3519 689 3601 auctoresque
718 3503 876 3576 habebis
903 3505 943 3576 in
969 3507 1125 3604 singulis

113 3624 161 3694 iis
188 3620 413 3698 nominandi
444 3621 657 3696 rationibus
676 3683 679 3688 .
697 3647 777 3693 non
814 3626 1126 3698 contemnendos.

157 3998 203 4078 o>
223 3999 262 4060 a.
285 4006 331 4066 n.
