2812 4656
305 443 378 538 274
472 457 519 506 nn
546 452 692 504 sumnus
716 451 761 498 nn
786 447 911 500 cuncis
936 449 1149 502 nonnonun

303 570 559 660 incommoda,
567 583 771 666 antequam
786 565 981 642 abscessus
994 569 1032 638 in
1046 569 1322 666 quosabeunt,

303 705 564 794 personentur.
610 690 697 779 Quo
743 687 862 784 magis
901 687 1110 784 optandum
1146 704 1248 761 esset
1280 705 1325 760 ut

302 810 502 912 puerperis
517 831 599 905 quae
621 805 716 876 lactc
745 801 962 890 abundant,
990 807 1101 877 certis
1118 819 1249 877 nutem
1276 806 1325 879 de

182 931 184 935 ’
302 930 425 1003 causis
459 927 604 999 lactare·
645 937 875 1018 nequeunt,
916 921 1083 994 remedia
1117 937 1248 995 essent
1285 926 1326 998 in

222 1067 226 1077 ·
300 1059 500 1148 promptu,
519 1065 588 1140 per
612 1060 696 1137 quae
715 1039 935 1135 prinsquam
950 1039 990 1108 in
1014 1037 1209 1140 abscessus
1237 1063 1327 1114 ver-

302 1180 467 1248 teretur,
492 1173 576 1252 tuto
604 1157 675 1229 sibi
706 1155 763 1225 lac
787 1153 994 1252 abigerent.
1031 1155 1201 1236 Medicus
1238 1172 1327 1230 erat

302 1281 482 1355 Bononiae
503 1278 570 1376 qui
588 1275 662 1346 hoc
681 1274 848 1372 praestari
869 1270 1106 1346 asseverabat
1130 1297 1325 1372 suspenso

303 1403 404 1472 inter
418 1395 588 1495 scapulas
601 1393 738 1466 siccato
758 1390 943 1489 pisciculo
965 1413 1081 1488 quem
1099 1391 1326 1490 hippocam·

303 1541 418 1618 pum,
447 1517 523 1586 sive
558 1507 742 1612 equulnm
769 1511 960 1580 marinum
992 1515 1177 1598 vocitant,
1210 1529 1324 1584 certo

304 1633 529 1736 pracsertim,
557 1645 600 1701 ut
638 1630 719 1726 ipse
759 1623 902 1706 aiebat.
940 1641 1112 1725 tempore
1143 1643 1323 1726 captum3

256 1830 259 1846 ¹
304 1775 422 1850 qnare
453 1771 539 1822 cum
570 1745 761 1844 duplicem
792 1742 971 1833 haberet,
1005 1745 1164 1816 alterum
1197 1746 1322 1820 altero

305 1868 456 1942 dicebat
481 1891 560 1938 esse
587 1865 705 1962 magis
721 1859 931 1951 efficacem,
962 1885 1127 1960 eumque
1149 1863 1323 1938 libenter

305 1989 350 2060 iis
361 1987 428 2086 qui
444 1997 665 2084 poscerent,
690 1980 967 2054 commodabat.
992 1985 1037 2052 In
1054 1980 1112 2053 his
1124 1977 1197 2052 fuit
1215 1983 1322 2082 inge·

304 2127 405 2178 nuus
421 2103 598 2201 juvenis,
617 2100 684 2198 qui
708 2121 859 2170 mecum
881 2098 936 2172 ibi
954 2115 1042 2172 ante
1061 2098 1175 2196 hujus
1195 2103 1320 2174 saeculi

302 2225 454 2296 initium
469 2220 665 2292 medicinae
681 2216 814 2289 studiis
826 2241 981 2316 operam
993 2215 1123 2306 dabat,
1138 2218 1318 2319 illamque
1399 2241 1400 2244 ’

299 2339 427 2413 facere
456 2339 533 2434 jam
566 2347 753 2434 coeperat:
781 2334 845 2406 hic
873 2349 1000 2406 autem
1032 2355 1120 2406 cnm
1151 2334 1255 2408 binis
1280 2339 1318 2408 in

305 2456 504 2559 puerperis
522 2467 699 2552 oupertus
714 2466 826 2541 esset,
855 2453 1066 2550 inutraque
1078 2453 1317 2552 respondisse

304 2571 520 2646 testabatur.
537 2573 622 2660 Quo
642 2569 689 2641 de
709 2569 970 2666 experimento
996 2593 1084 2642 cum
1097 2586 1230 2668 posteo
1247 2595 1318 2670 per

307 2713 429 2762 annos
446 2689 621 2786 triginta,
638 2711 762 2784 eoque
781 2687 944 2785 amphus
963 2687 1060 2758 nihil
1074 2687 1317 2778 audivissem,

307 2811 348 2880 in
381 2806 594 2906 posthumis
623 2804 777 2877 tandem
803 2806 1019 2880 Vallisnerii
1049 2808 1172 2880 nostri
1201 2809 1318 2906 scrip·

308 2927 357 3000 tis
369 2923 428 3024 (1)
445 2925 596 3012 inveni,
613 2946 709 3022 saepe
726 2920 774 2995 ab
800 2947 838 2995 se
855 2924 1025 3021 periculo
1047 2923 1185 2996 eodem
1205 2921 1316 3012 tacto,
1392 2915 1393 2922 ἵ

309 3045 358 3117 ud
372 3041 549 3117 cumdem
567 3040 727 3113 modum
754 3044 995 3114 successisse:
1014 3041 1061 3115 cd
1088 3046 1315 3116 contrarium

310 3179 437 3236 nutem
452 3160 629 3248 modum,
644 3161 675 3230 si
691 3158 739 3230 ab
760 3161 933 3260 opposita
945 3176 1074 3259 parte,
1094 3161 1134 3233 id
1151 3177 1208 3236 est
1224 3163 1317 3234 inter

312 3301 518 3366 mammas,
535 3275 672 3350 mulier
702 3301 840 3374 augere
869 3277 926 3350 lac
955 3279 1133 3377 cupiens,
1164 3303 1314 3379 suspen-

313 3395 451 3483 dissct;
470 3391 636 3491 quod,a
665 3396 892 3468 Bononiensi
917 3395 984 3467 illo
1008 3395 1161 3468 medico
1183 3401 1315 3495 pariter

312 3509 561 3600 affirmatum,
579 3511 703 3582 socius
719 3510 781 3582 ille
801 3537 907 3584 meus
924 3512 1144 3610 experiendi
1157 3516 1314 3588 occasio·

313 3651 401 3700 nem
412 3624 696 3698 nonhabucrat.
715 3629 823 3726 AEgre
840 3627 939 3720 fero,
965 3653 1093 3727 neque
1111 3655 1133 3700 a
1152 3655 1214 3704 me
1231 3631 1312 3702 olim

277 3985 279 3989 ,
355 3911 399 3990 (1)
419 3916 536 3988 Opere,
555 3923 628 3968 tom.
647 3913 680 3986 3,
701 3933 733 3992 p.
754 3920 782 3982 4.
805 3913 914 3990 Saggio
931 3914 1020 3972 altat.
1038 3915 1153 3973 d'istor.
1171 3917 1247 3973 med.
1261 3916 1310 3971 alh

312 4011 587 4086 voceippocampo.
1163 4025 1166 4034 ⁴
