2816 5282
297 449 367 537 524
461 474 506 520 na
533 444 680 520 snnrr'us
706 473 749 520 nr
774 473 899 523 oansrs
926 473 1139 526 uonaornu

296 611 373 658 non
394 601 584 685 penetret,
601 583 749 684 aliquos
777 585 855 658 dies
867 611 982 687 posse
1002 613 1147 686 regrum
1167 593 1309 677 vivere,

299 704 388 776 dum
410 702 638 802 phlegmone
664 711 942 802 superveniente
969 706 1200 804 abripiatur.
1235 709 1309 777 Nec

298 819 535 920 {nequidem
556 818 649 918 fugit
661 875 670 910 ,
682 835 816 919 praeter
833 823 975 892 variam
989 823 1116 895 sedem
1132 877 1143 910 ,
1160 823 1313 894 rectitu-

302 939 430 1012 dinem
456 963 634 1036 quoque,
659 953 723 1010 aut
754 938 1036 1036 obliquitatem,
1065 941 1312 1026 brevitatem,

303 1071 368 1128 aut
384 1056 677 1154 longitudinem,
688 1057 893 1154 praesertim
902 1081 993 1128 vero
1008 1056 1314 1154 amplitudinem,

305 1189 369 1246 aut
389 1175 598 1272 angustiam
626 1173 790 1246 vulneris
804 1174 1009 1271 plurimum
1035 1172 1162 1246 {acere
1188 1173 1241 1244 ad
1262 1199 1317 1245 ac·

306 1291 543 1365 celerandam
561 1306 740 1376 mortem,
758 1305 823 1362 aut
835 1291 1123 1378 retardandum,
1142 1307 1188 1363 ut
1204 1291 1316 1388 magis

307 1411 479 1510 minusve
493 1431 559 1480 cor
579 1408 749 1496 laeditur,
777 1423 842 1480 aut
861 1408 947 1506 plus
972 1409 1148 1480 minusve
1171 1409 1318 1506 sangui·

306 1527 365 1597 nis
380 1551 425 1596 ex
439 1525 621 1598 utrolibet
645 1527 858 1598 ventriculo
874 1523 1044 1597 effundit.
1077 1529 1276 1618 Quocirca
1287 1540 1318 1597 et

307 1641 503 1714 hominem
532 1642 636 1716 hunc
661 1669 777 1742 quem
800 1645 880 1741 ipse
911 1643 1091 1731 dissecui,
1122 1643 1317 1740 aliquanto

309 1761 469 1858 amplius
501 1761 615 1832 vitam
642 1761 791 1833 trahere
820 1762 986 1858 potuisse
1012 1761 1231 1849 existimo,¹
1256 1761 1319 1832 nisi

308 1876 356 1948 ad
365 1877 499 1949 vulnus
510 1875 705 1949 suffocatio
716 1877 1102 1973 accessisset;(eorum
1118 1879 1225 1948 enim
1243 1903 1318 1974 quae

312 2019 400 2068 cum
416 1999 573 2066 vulnere
587 1995 711 2068 cordis
727 1996 959 2094 junguntur,
976 1996 1016 2064 in
1032 1993 1107 2066 illis
1127 1997 1197 2092 qui
1215 1998 1319 2066 citius

312 2116 523 2202 intereunt,
548 2129 591 2185 ut
603 2129 695 2212 puta
718 2116 758 2184 in
775 2112 937 2212 quadam
957 2111 1236 2209 Mancharti(1)
1259 2113 1321 2184 ob·

313 2233 539 2320 servatione,
555 2231 730 2304 habenda
743 2248 799 2304 est
815 2234 928 2326 ratio)
952 2257 1033 2302 non
1051 2247 1182 2302 tamen
1198 2255 1321 2328 quam-

313 2347 379 2420 diu
396 2352 506 2421 traxit
526 2351 557 2421 is
571 2375 686 2448 quem
701 2374 813 2448 supra
831 2349 885 2448 (a)
907 2375 951 2421 ex
968 2347 1140 2420 Valsalva
1157 2347 1322 2445 descrip-

314 2467 367 2555 si,
383 2469 448 2566 qui
465 2467 619 2540 dextero
637 2483 811 2568 perturso
828 2468 1061 2553 ventricu10,
1084 2463 1133 2536 ad
1147 2481 1322 2536 octavum

313 2586 487 2682 pervenit
505 2585 615 2656 diem.
648 2585 912 2684 Colligendum
930 2600 1054 2657 autem
1072 2583 1165 2654 'hoc
1196 2583 1322 2656 discri-

287 2753 290 2760 .
315 2725 403 2771 men
423 2700 572 2772 videtur
587 2727 632 2772 ex
651 2700 795 2774 collatis
808 2703 908 2778 inter
927 2727 964 2773 se
982 2715 1038 2772 tot
1059 2701 1133 2772 illis
1152 2726 1254 2798 quas
1277 2704 1324 2772 in-

317 2816 522 2890 dicavimus
536 2873 552 2907 ,
580 2819 719 2916 hujus,
763 2835 827 2891 aut
867 2819 967 2890 illius
998 2817 1154 2890 sauciati
1188 2821 1324 2891 ventri·

316 2935 393 3007 culi
410 2935 756 3026 observationibus,
773 2939 846 3009 nisi
871 2936 994 3008 obstet
1017 2936 1162 3034 aliquid
1193 2962 1322 3008 eorum

318 3079 400 3150 quae
419 3053 535 3124 modo
553 3070 642 3126 sunt
658 3053 780 3144 dicta,
799 3070 863 3126 aut
882 3055 953 3126 alia
968 3055 1100 3142 etiam,
1127 3069 1171 3125 ut
1193 3056 1235 3126 in
1256 3055 1324 3126 hoc

318 3172 386 3268 qui
407 3169 512 3243 faita
528 3197 589 3243 me
608 3172 807 3260 dissectus,
821 3173 996 3269 imposita
1007 3171 1079 3242 alia
1098 3169 1201 3260 aliis,
1223 3173 1324 3244 etsie

313 3289 457 3375 ,vulnus
485 3290 694 3387 operientia
727 3290 996 3362 lacertulorum
1027 3289 1210 3377 reticula,
1231 3296 1323 3363 utin

319 3429 366 3476 eo
387 3429 500 3502 quem
512 3407 673 3504 inspexit
690 3407 930 3480 Bartholinus
947 3405 1022 3503 (3),
1043 3407 1214 3478 vulneris
1228 3407 1325 3478 labio

361 3804 404 3886 (1)
427 3827 461 3884 9,
477 3809 554 3884 Eph.
570 3807 609 3866 N·
622 3809 656 3865 C.
670 3817 747 3865 cent.
765 3827 795 3880 1,
813 3807 878 3864 obs.
896 3807 942 3865 18.

302 3977 303 3981 ¹
363 3908 410 3986 (a)
428 3910 466 3966 N.
485 3910 512 3966 3.
860 3917 864 3926 ¹

325 4079 327 4088 y
362 4009 406 4087 (3)
427 4011 506 4068 Seot.
519 4009 575 4066 hac
587 4051 595 4083 ,
607 4008 672 4066 obs.
693 4006 743 4064 cit.
759 4007 812 4082 23,
827 4011 844 4078 ς
860 4004 906 4064 15.
