2784 5088
284 417 357 494 '516
446 442 498 488 ‘nr
523 441 668 490 annuus
692 441 737 488 nr
762 439 886 490 causis
911 441 1123 492 uonaonuu

282 557 362 630 tulo
381 552 648 642 collocandum
675 553 806 651 ibique
820 579 906 626 cum
924 557 1025 628 inter
1045 581 1190 655 paucas
1205 583 1296 654 quas
1385 563 1386 568 ’

234 693 236 696 ’
282 697 378 770 egre
393 673 603 770 respirans,
619 669 754 742 edebat
767 695 896 759 voces,
922 670 1060 770 frigere
1080 697 1119 744 se
1136 673 1295 762 diceret,

281 791 548 890 igniarieaereo
563 811 648 861 vase
660 803 801 860 temere
821 785 1048 877 femoribus,
1065 790 1173 862 tibiis
1184 777 1293 876 ,mal-
1386 887 1387 890 Ἴ

282 907 390 982 leolis
413 906 587 994 admotu,
616 908 848 994 exustiones,
866 931 947 1004 quae
974 909 1014 978 in
1029 905 1130 979 foeda
1165 909 1293 979 ulcera

282 1025 582 1123 degenerarunt,
603 1023 823 1119 neutiquam
836 1026 1004 1096 senserit,
1023 1025 1106 1097 Alvi
1124 1027 1295 1123 primum

283 1157 321 1218 et
333 1144 462 1216 vesicae
479 1155 714 1212 recrementa
728 1165 809 1212 non
829 1139 1031 1231 reddebat;
1041 1157 1129 1240 post
1149 1144 1295 1240 aliquot

282 1275 408 1334 autem
436 1258 514 1330 dies
529 1257 662 1330 lotium
677 1259 837 1345 inscius,
853 1257 995 1330 nedum
1011 1261 1172 1346 invitus,
1193 1261 1295 1330 emit·

281 1377 395 1450 tebet.
413 1380 543 1448 Cuma
561 1374 726 1462 medico,
744 1374 1002 1474 chirurgoque
1015 1376 1222 1475 diligenter
1238 1400 1293 1448 cu·
1387 1399 1388 1404 ’

277 1508 444 1581 raretur,
461 1491 521 1564 die
539 1507 670 1564 exacto
685 1492 1007 1590 decimoseptimo
1024 1496 1215 1592 ,primum
1229 1494 1292 1566 ali-

279 1610 372 1711 quid
388 1610 527 1682 sentire
542 1610 656 1708 coepit
671 1611 864 1682 sinistrum
884 1613 1055 1709 corporis
1063 1612 1180 1701 latus,
1190 1613 1288 1710 vige-

278 1731 376 1804 simo
395 1743 520 1800 autem
542 1727 685 1800 sinistri
708 1729 905 1825 utriusque
928 1743 1034 1802 artus
1058 1728 1169 1826 digiti
1192 1753 1287 1800 non·

276 1846 374 1928 nihil
402 1845 562 1932 moveri;
587 1846 687 1916 inter
715 1869 800 1917 eum
834 1869 951 1934 vero,
984 1859 1021 1917 et
1053 1847 1285 1944 trigesimum
1388 1865 1389 1868 ’

277 1964 378 2037 diem
396 1966 534 2038 sensim
553 1978 713 2058 utraque
744 1960 899 2034 facultas
928 1961 1065 2062 magis,
1093 1965 1285 2062 magisque

269 2084 408 2181 ,augeri
425 2083 466 2152 in
482 2082 634 2154 sinistro
647 2079 801 2178 quidem
813 2081 941 2154 latere.
960 2085 1004 2152 In
1017 2080 1215 2154 dexterum
1228 2107 1287 2154 au·

275 2215 371 2286 tem,
388 2199 427 2272 id
445 2213 499 2272 est
515 2198 664 2270 vulneri
678 2200 897 2296 oppositum
911 2222 989 2268 non
1003 2198 1077 2270 nisi
1092 2199 1283 2297 trigesimo

275 2315 443 2390 secundo
459 2316 521 2388 die
540 2314 663 2388 redire
685 2339 817 2390 sensus
837 2317 971 2414 coepit,
991 2330 1073 2388 tum
1088 2315 1227 2390 deinde
1248 2330 1284 2390 et

272 2449 421 2523 motus,
435 2433 483 2506 ad
501 2432 756 2530 eumdemque
777 2434 935 2506 modum
954 2433 1134 2532 paulatim
1153 2457 1282 2533 auges-

272 2576 369 2626 cere.
397 2556 441 2622 Et
460 2575 678 2648 quanquam
701 2552 754 2622 sic
786 2552 873 2624 satis
900 2551 961 2622 die
992 2552 1281 2651 quadragesimo
1390 2585 1391 2614 1

271 2691 412 2766 corpus
442 2670 661 2742 universum
704 2692 835 2742 sensus
867 2683 905 2742 et
936 2685 1065 2742 motus
1091 2671 1169 2767 jam
1205 2684 1283 2742 erat

273 2809 448 2882 compos,
463 2786 515 2858 sic
536 2785 644 2872 satis,
663 2787 840 2882 inquam,
860 2787 1035 2860 nondum
1050 2789 1153 2860 enirn
1166 2803 1281 2874 stare,

268 2902 412 2976 nedum
425 2902 600 2979 incedere
612 2902 786 2992 ,licebat;
803 2905 881 2976 imo
894 2908 963 2978 etsi
973 2909 1046 2977 v11
1063 2906 1145 2978 Kal.
1161 2907 1280 3002 junii,
1389 2959 1391 2978 .

269 3045 356 3094 cum
376 3020 514 3094 vulnus
532 3017 719 3092 inflictum
751 3020 881 3094 fuisset
912 3023 1093 3121 postridie
1120 3022 1194 3094 lral.
1233 3022 1279 3096 fe

268 3137 415 3212 bruarii
428 3191 438 3226 ‚
451 3138 600 3232 juvenis
621 3138 683 3208 vix
707 3164 726 3208 e
745 3138 925 3212 cubiculo
946 3140 1224 3239 egrediebatur,
1245 3157 1280 3215 et

267 3281 379 3328 crure
392 3270 555 3351 utroque
576 3269 798 3341 extenuata,
816 3271 854 3328 et
872 3260 981 3355 quasi
997 3255 1179 3347 arefacto,
1199 3284 1277 3330 non

267 3397 375 3446 secus
402 3396 445 3444 ac
465 3369 589 3444 infans
604 3373 671 3468 qui
690 3373 839 3473 ingredi
858 3374 1082 3466 addisceret,
1107 3376 1227 3464 lente,
1243 3391 1279 3448 et

265 3486 499 3587 pedetentim
513 3486 728 3579 incedebat3
747 3505 874 3562 tamen
885 3509 928 3565 et
946 3508 1077 3580 motu,
1104 3508 1142 3564 et
1164 3517 1276 3566 sensu

264 3603 475 3695 infirmiore
510 3607 621 3676 etiam
647 3622 728 3676 tum
760 3606 938 3682 utebatur
970 3608 1125 3680 dextere
1152 3626 1277 3707 parte,

265 3747 381 3820 quam
403 3722 562 3802 sinistra.
584 3724 705 3820 Hujus
733 3725 848 3822 igitur
867 3726 1095 3797 discriminis
1119 3751 1208 3798 cum
1232 3753 1275 3799 ex

262 3865 326 3912 me
343 3863 452 3910 causa
470 3856 720 3936 quaereretur,
741 3843 959 3940 ponendam
986 3842 1109 3916 videri
1132 3845 1173 3916 in
1194 3869 1272 3916 me-

263 3956 470 4030 dullaribus
486 3956 558 4030 illis
591 3955 707 4032 fibris*
724 3961 905 4050 indicavi,
925 3985 1009 4060 quae
1027 3963 1130 4034 inter
1147 3963 1272 4036 dexte·
