2812 4656
294 451 364 522 302
462 459 681 522 nr‘ssnra'us
706 475 751 522 rr
777 475 901 524 causis
927 468 1141 524 monsoausr
1252 445 1259 458 '

293 613 419 661 cessus
444 587 677 686 sanguifluos
699 590 776 660 sive
802 607 1069 686 anenrysmata
1090 591 1318 689 proposuis-

288 723 354 779 set.
371 708 542 778 Alterum
566 731 657 777 vero
681 709 863 804 sanguine
893 705 1075 780 refertum
1101 707 1216 781 fuisse
1242 709 1316 778 sci-

289 849 392 909 mus,
416 826 483 922 qui
505 823 610 894 horis
641 823 689 894 ab
720 825 903 896 incisione
938 850 1017 897 non
1051 827 1181 898 multis
1221 851 1314 924 pro-

287 940 431 1029 ssuens,
450 943 573 1012 virum
595 941 815 1036 occidit,et“
828 941 1040 1040 plurimus,
1065 955 1154 1016 cum
1177 957 1316 1041 postea

288 1075 417 1130 tumor
443 1073 655 1147 secaretur,
688 1073 864 1158 repertus
894 1067 959 1134 est.
990 1065 1169 1134 Attamen
1203 1063 1237 1133 si
1267 1061 1317 1132 de

287 1191 452 1275 utroque
473 1193 623 1249 tumore
641 1177 735 1250 illud
750 1177 839 1248 addi
861 1182 1063 1277 potuisset,
1096 1181 1210 1252 initio
1248 1179 1319 1251 sal·

288 1311 364 1366 tem
384 1294 576 1392 pulsasse,
600 1295 711 1367 sicuti
738 1295 786 1367 de
812 1297 905 1386 alio,
934 1301 1160 1397 sanguinem
1188 1299 1319 1370 couti·

288 1427 427 1500 nente,
447 1429 485 1484 et
504 1437 607 1511 genu
634 1419 843 1486 unt'versum
865 1415 1079 1488 omnimode
1103 1426 1304 1516 operiente

290 1545 377 1628 post
402 1531 550 1628 aliquot
575 1531 731 1604 demum
763 1553 954 1604 annorum
974 1535 1223 1607 intervallum
1247 1535 1324 1607 sibi

291 1663 461 1736 ostens0,
492 1647 745 1722 subindicavit
774 1650 818 1722 el.
851 1653 1046 1724 Preussius
1079 1653 1151 1751 (1);
1182 1658 1318 1726 minus

291 1765 538 1839 dubitationis
556 1769 733 1841 relictum
753 1785 849 1841 esset
869 1771 913 1841 iis
933 1771 1066 1868 quide
1093 1775 1318 1870 sanguineis

291 1885 527 1974 tumoribus,
542 1913 630 1958 eum
647 1901 761 1985 rupto
772 1911 876 1960 venae
888 1887 1047 1986 alicujus
1057 1905 1195 1961 trunco
1215 1915 1318 1962 coru-

291 2005 657 2093 municantibus,ea
686 2006 885 2104 legissent,
914 2033 1013 2104 quae,
1048 2020 1090 2079 ut
1111 2031 1230 2106 supra
1261 2009 1317 2106 (2)

293 2139 631 2196 commemoratum
643 2139 718 2210 est,
737 2127 777 2195 in
791 2140 953 2196 tractatu
963 2123 1140 2198 Valsalvae
1157 2125 1204 2197 de
1219 2153 1316 2200 aure

180 2267 184 2276 ·
292 2233 477 2330 humana,
496 2245 535 2312 in
551 2243 883 2342 meaqueEpistola
895 2246 1115 2315 Anatomica
1127 2247 1222 2314 XIII
1244 2261 1316 2316 tra·

293 2359 369 2431 dita
390 2375 486 2432 sunt.
984 2358 998 2377 ''

345 2477 401 2566 54.
420 2481 603 2550 Tumores
624 2493 757 2550 contra
783 2495 872 2550 sunt
900 2500 998 2577 quos
1026 2462 1132 2550 facile
1158 2493 1315 2553 sanatos
1403 2549 1404 2562 ,

294 2617 373 2667 esse
394 2599 629 2695 accepimus,
649 2621 868 2695 quanquam
892 2623 972 2668 uon
995 2595 1094 2668 faciti
1122 2598 1170 2668 ad
1196 2599 1317 2698 expli·

296 2713 459 2785 candum
475 2717 644 2786 ratione:
667 2739 750 2813 quae
775 2739 887 2787 causa
910 2732 966 2787 est
994 2739 1061 2788 cur
1086 2721 1315 2814 praetermit-

296 2833 433 2905 tendos
453 2855 532 2903 non
557 2848 746 2931 putemus.
784 2835 1015 2906 Veronensis
1046 2833 1236 2923 medicus,
1259 2839 1316 2908 vir

296 2963 505 3049 spectatus,
532 2951 627 3020 mihi
661 2967 697 3022 et
729 2954 796 3048 qui
817 2969 989 3024 'mecum'
1008 2949 1104 3024 forte
1133 2953 1314 3042 aderaut,

296 3071 417 3143 doctis
436 3072 525 3141 viris
546 3071 723 3142 narrabat
736 3073 904 3144 Venetiis
924 3087 1025 3143 artno
1054 3092 1142 3170 ¹707
1167 3089 1259 3144 cum
1276 3077 1312 3145 in

297 3191 378 3286 ejus
389 3191 521 3288 patria,
538 3187 655 3286 idque
673 3214 813 3286 nuper,
834 3215 934 3284 equo
946 3190 1065 3262 nobiti
1074 3215 1183 3262 crura
1196 3193 1315 3264 ambo

297 3310 508 3408 posteriora
528 3307 574 3378 ad
601 3333 701 3404 genu
725 3309 925 3379 articulum
947 3309 1197 3381 vehementer
1213 3313 1315 3383 intu-

297 3427 482 3498 muissent
505 3449 649 3524 aquoso
674 3441 823 3496 tumore
841 3427 1016 3522 quidem,
1043 3427 1108 3500 sed
1124 3418 1245 3516 duro,
1278 3445 1313 3501 et

299 3563 385 3615 cum
406 3541 558 3628 dolore,
572 3569 643 3614 nec
658 3545 825 3616 remedia
846 3561 977 3617 caetera
991 3545 1200 3644 quidquam
1221 3558 1311 3644 pr'o-

298 3656 478 3746 ficerent,
501 3661 664 3733 extitisse
698 3665 969 3734 veterinarium
995 3665 1123 3760 quise
1155 3665 1227 3736 hac
1253 3689 1311 3735 ra·

340 3941 382 4024 (ι)
405 3941 481 4020 Eph.
495 3947 533 4002 tt.
549 3947 580 4002 C.
598 3957 675 4003 cent.
690 3949 706 4003 3
717 3990 725 4017 ,
741 3949 805 4004 obs.
824 3970 868 4028 ¹9·

339 4043 382 4124 (a)
405 4048 442 4102 N.
466 4065 494 4104 a.
