2784 5088
168 428 235 473 ur.
252 423 300 471 ιν.
317 423 363 470 nr
376 419 512 468 uoanrs
525 419 721 481 anianae„
741 410 808 468 ete.
828 409 1021 474 nusum.
1047 392 1121 491 ’483

120 540 179 637 gia.
193 533 460 636 spectabantur
474 535 595 605 multo
608 547 761 631 qnam'a
782 533 921 609 dextris
935 593 944 624 ‚
962 542 1125 640 emptio.

119 679 181 747 ra,
195 669 232 726 et
244 650 503 752 profundiora.
523 651 635 742 Quod
645 651 840 748 reliquum
852 667 1018 741 est,vasa
1027 661 1124 756 q'uoss
1243 708 1249 714 »

118 795 193 871 qne
207 768 549 869 plcrusiohoroidis
568 771 752 866 sanguine
769 771 932 844 multum
947 773 1124 866 distenta,

119 905 159 962 ct
174 886 372 964 serieffirsi
398 889 525 988 portio
543 887 669 984 aliqua
690 885 763 960 sub
790 887 940 961 cerebri
962 891 1042 964 basi
1063 913 1124 966 rea

115 1021 227 1106 perta
244 1023 310 1080 est.
1091 997 1094 1005 ¹

170 1125 226 1223 39.
255 1129 440 1196 Caeterum
470 1123 510 1192 in
539 1147 583 1196 ea
618 1138 697 1194 erat
718 1125 900 1222 opinione
919 1127 1126 1219 Garellius,

117 1243 273 1317 violatas
290 1263 572 1339 compressosve
584 1241 727 1311 ictuum
753 1242 951 1314 occasione
966 1249 1127 1318 arteriu-

115 1362 274 1459 tueque
287 1343 1129 1448 nonmodointercraniitabulas,sedetintra

116 1479 189 1552 ulia
208 1480 394 1566 sintossa,
413 1476 581 1565 dilatari,
600 1491 639 1548 et
654 1477 930 1574 insaneurysma
941 1459 1127 1572 distendi,

118 1611 158 1669 et
185 1597 323 1670 cariem
348 1595 409 1666 vel
433 1596 655 1692 priusquam
679 1611 923 1692 rumpantur,
944 1613 986 1669 ut
1010 1597 1130 1673 adsita

118 1713 267 1786 ossibus
287 1711 773 1807 ancurysmatasolent,vel
791 1728 902 1811 rupta
918 1719 1060 1814 pareri.
1084 1721 1130 1790 In

119 1853 280 1927 eamque
302 1829 522 1926 opinionem
536 1827 720 1900 adductus
735 1827 856 1900 fuerat
872 1855 893 1900 a
908 1831 1030 1906 tribus
1048 1858 1131 1932 quae

117 1972 210 2020 cum
225 1945 415 2043 descripto
446 1947 576 2018 cranio
609 1945 837 2036 asservabat,
864 1945 1018 2020 femoris
1042 1955 1134 2024 ossi-

117 2068 205 2140 hus.
249 2052 422 2154 Quorum
454 2085 574 2134 unum
610 2079 799 2134 tumorem
836 2063 1059 2138 ostendebat
1092 2071 1132 2142 iu

117 2207 238 2280 quem
255 2181 452 2252 dilatatum
469 2178 592 2251 iuerat
613 2179 665 2251 ad.
677 2183 796 2278 pugni
812 2183 1133 2280 magnitudinem,

122 2301 224 2373 carie
252 2323 405 2374 exesum
430 2299 568 2398 passim
600 2314 715 2396 atque
739 2314 953 2397 pertusum,
981 2316 1135 2400 tresque

120 2441 247 2492 osseas
264 2418 499 2490 emittentem
521 2415 814 2514 productiones,
837 2443 1000 2516 quarum
1016 2423 1136 2492 maxi-

121 2561 184 2611 ma
200 2535 360 2634 digitum
382 2533 647 2633 longitudine,
672 2549 709 2606 et
736 2536 981 2608 crassitudine
1010 2561 1135 2636 aequa·
1189 2610 1193 2616 ,

119 2655 210 2742 bat3
235 2653 347 2725 simul
368 2668 493 2726 autem
512 2649 682 2724 foramen
709 2677 779 2750 per
800 2651 905 2750 quod
932 2656 1066 2726 arteria
1093 2679 1137 2730 os

121 2771 291 2859 subibat,
309 2785 581 2870 perangustum
600 2771 706 2860 alias,
723 2771 763 2840 iu
777 2795 824 2842 eo
839 2775 923 2843 osse
945 2771 1041 2843 adeo
1061 2798 1136 2844 am-

122 2886 356 2988 plificatum,
384 2902 427 2960 ut
456 2887 563 2958 nullo
594 2887 748 2986 negotio
777 2889 979 2960 minimum
1000 2889 1134 2962 admit·

121 3021 223 3082 teret
241 3005 412 3104 digitum.
439 3009 533 3076 Ossa
560 3003 638 3074 duo
664 2990 808 3102 reliqua
834 3022 970 3104 praeter
998 3004 1135 3078 fractu·

120 3149 226 3214 ram,
241 3148 324 3222 quo
341 3123 432 3194 olim
452 3137 708 3219 praecesserat,
721 3123 1012 3212 consolidatam,
1026 3121 1136 3196 affec·

122 3242 318 3316 tumoarie
334 3240 525 3314 habebant
543 3255 752 3326 tumorem,
767 3255 883 3337 etpro
904 3243 1040 3312 arteria
1057 3243 1134 3315 inse

123 3361 298 3459 niripiunt
323 3361 397 3431 ossi
416 3355 587 3429 foramen
610 3357 750 3454 pariter
770 3357 976 3430 dilatatum.
1003 3363 1137 3462 Itaque

123 3481 202 3550 hoc
228 3467 353 3549 morbi
379 3499 498 3574 genus
535 3472 700 3550 necdum
736 3493 921 3572 quantum
950 3475 1136 3566 mereret,

122 3599 377 3684 illustratum,
392 3595 695 3692 explicatamque
707 3593 895 3666 censebat.
905 3594 981 3665 -Sed
999 3594 1078 3665 haec
1089 3619 1137 3666 ex

124 3716 211 3812 ejus
240 3714 286 3786 ad
315 3739 374 3784 me
396 3711 529 3784 litteris
554 3709 749 3796 hactenus.
783 3715 985 3785 Tumorem
1010 3725 1139 3784 autem

125 3857 245 3932 quern
260 3834 340 3931 ipse
360 3831 400 3900 in
418 3827 634 3900 femineista
648 3829 762 3916 vidit,
780 3842 818 3898 et
831 3827 935 3917 sede,
949 3826 1140 3900 etdiutur-

124 3951 213 4039 nic,
230 3949 532 4048 gravissimisque
548 3945 766 4034 doloribus,
787 3961 824 4017 et
835 3945 982 4017 incluso
998 3948 1144 4046 sangui-

924 4063 992 4136 31·
