2854 4660
318 452 388 536 340
476 469 522 516 nr
549 462 695 514 srmsus
721 465 765 512 ar
791 463 916 514 causrs
941 428 1153 516 nonnosum
1213 521 1227 532 ,.

313 607 460 656 morem
472 580 579 650 illum
597 603 642 650 ex
658 578 780 676 ruptis
801 579 1050 666 tenuissimis,
1074 606 1155 652 non
1173 587 1328 682 sangui·

312 704 392 790 nis,
439 700 504 773 sed
535 695 698 796 lyrnpbae
725 695 903 784 vasculis,
938 700 1076 772 sensim
1102 705 1326 797 provenisse

312 819 513 905 malueris,
542 814 743 888 arbitratus
776 814 828 885 sic
867 791 1013 887 facilius
1053 817 1216 916 intelligi
1243 835 1327 890 tum

236 943 238 948 ’
311 938 451 1010 horum
465 934 763 1031 disruptionem,
791 945 873 1002 tum
899 931 1052 1031 longam
1084 931 1194 1006 effusi
1222 935 1327 1008 illius

310 1056 389 1128 sine
410 1051 575 1124 evidenti
599 1050 843 1146 corruptione
871 1071 1036 1139 moram,
1063 1049 1222 1124 habebis
1236 1055 1327 1149 qui-

309 1171 380 1244 bus
407 1167 625 1240 auctoribus
656 1165 694 1236 id
723 1165 884 1252 sentias,
922 1169 1025 1238 etin
1057 1169 1103 1240 iis
1125 1169 1327 1241 Roubaul-

309 1291 405 1364 tium
422 1287 496 1383 (r),
515 1301 553 1358 et
580 1301 665 1357 ante
687 1283 792 1354 hunc
814 1282 1021 1373 Bohuiuni,
1045 1287 1112 1383 qui
1129 1288 1327 1360 dissectio

311 1432 401 1495 nes,
423 1407 534 1476 etiam
551 1425 653 1490 suas,
668 1400 769 1474 unde
784 1399 860 1472 hoc
877 1403 1132 1497 conjiceretur
1148 1405 1226 1501 (a),
1239 1430 1328 1502 pro-

244 1585 248 1594 .
311 1525 437 1611 duxit,
455 1537 492 1594 et
515 1519 619 1618 quod
638 1521 678 1590 in
696 1519 823 1590 medio
842 1519 1008 1616 primum
1033 1520 1263 1618 reliquerat,
1287 1525 1327 1594 in

310 1644 429 1716 altero
448 1641 588 1738 scripto
604 1637 659 1735 (3)
675 1663 714 1710 se
727 1637 1032 1735 lymphaeductus
1046 1645 1146 1710 circa
1165 1642 1329 1732 anfrac-

313 1779 371 1834 tus
393 1763 571 1859 imprimis
588 1757 729 1828 cerebri
748 1757 787 1826 iu
807 1754 974 1852 quodam
997 1780 1117 1854 puero
1153 1760 1328 1857 turgidis·

309 1887 422 1953 simos
436 1877 582 1956 ¹vidisse
607 1872 855 1946 confirmavit.
889 1876 1073 1946 Caeterum
1101 1876 1141 1946 in
1176 1877 1326 1950 cerebri

310 1996 581 2081 concussione,
606 2015 782 2064 vasorum
809 1990 965 2088 aliquod
993 1993 1136 2090 rumpi,
1171 2019 1219 2066 ex
1243 2020 1327 2068 cre-

307 2115 482 2188 berrimis
510 2110 664 2209 quidem
685 2108 1014 2181 observationibus
1042 2127 1217 2208 apparet,
1238 2115 1350 2212 qui-‘

306 2235 380 2308 bus
409 2253 608 2304 accensere
645 2242 754 2326 potes
783 2226 921 2298 editam
958 2253 979 2300 a
1014 2227 1232 2302 Christiano
1251 2235 1324 2304 Va-

309 2368 392 2424 tero
409 2350 486 2446 (d);
514 2346 703 2418 tamenin
729 2343 858 2416 letbali
886 2349 1136 2418 concussione
1170 2346 1212 2419 id
1245 2374 1323 2429 esse

309 2482 555 2568 perpetuum,
590 2465 699 2560 quasi
729 2459 839 2534 effusi
865 2461 1046 2536 humores
1070 2489 1247 2564 semper,
1267 2494 1323 2542 ce·
1416 2539 1417 2544 ,

310 2585 413 2658 rebri
438 2597 563 2656 autern
594 2580 794 2652 concussio
825 2605 1023 2678 nunquam
1057 2607 1126 2681 per
1157 2609 1197 2657 se
1218 2583 1323 2658 'inte-

311 2706 481 2790 rimeret,
508 2699 555 2772 ab
572 2699 616 2770 iis
634 2696 734 2770 tradi
756 2721 866 2795 posse
888 2723 966 2769 non
992 2699 1161 2790 videtur,
1183 2704 1323 2800 quibus

311 2820 461 2894 laudata
486 2818 608 2890 Littrii
631 2815 809 2903 historia,
835 2816 1001 2912 itemque
1027 2817 1143 2890 altera
1167 2821 1216 2892 el.
1244 2827 1321 2894 Hae·

209 3025 212 3032 .
286 2929 400 3014 ¹nelii
425 2936 483 3037 (5)
502 2936 653 3035 cognita
677 2935 733 3006 sit.
776 2938 820 3004 ln
851 2949 988 3006 neutra
1009 2935 1113 3010 enim
1133 2944 1321 3037 agravis-
1413 2949 1414 2956 ’

313 3059 406 3132 sima
425 3055 555 3154 capitis
573 3051 743 3122 allisione
767 3048 975 3148 quidquam
998 3047 1105 3126 effusi
1123 3054 1320 3130 inventum

314 3190 378 3248 est.
402 3175 480 3244 Nec
499 3169 614 3266 siquis
633 3165 752 3255 dicat,
776 3165 862 3238 ideo
884 3164 1108 3240 effusionem
1139 3196 1222 3242 non
1247 3199 1319 3246 esse

314 3291 467 3378 factam,
482 3286 587 3385 quod
607 3285 782 3382 protinus
798 3309 819 3354 a
840 3287 1087 3358 concussione
1103 3289 1218 3362 simul
1238 3315 1319 3364 cunr

418 3621 471 3676 Tr.
484 3616 533 3674 cit.
547 3633 636 3692 supra
647 3614 686 3671 ad
698 3634 728 3670 n.
746 3620 777 3685 4,
796 3633 822 3671 c.
842 3633 889 3671 11.

418 3721 463 3776 De
476 3735 599 3774 renunc.
613 3717 695 3772 ruln.
709 3725 778 3772 sect.
796 3731 828 3787 a,
845 3734 873 3772 c.
890 3733 916 3771 1.
