2812 4656
281 447 370 520 262.
446 469 493 516 ue
520 465 667 514 seorsus
691 467 736 514 ur
761 465 886 516 utusts
911 441 1122 520 uoueoruu

281 583 411 670 uisse,
426 591 524 669 uno,
542 595 583 652 ut
595 579 691 669 vidi,
713 582 947 655 inunctionis
960 607 1006 654 ex
1023 584 1108 656 oleo
1124 582 1304 682 philosm

279 701 448 803 phorum
464 699 613 770 auxilio.
638 703 693 770 De
710 701 863 771 strumis
877 717 1005 774 autem
1022 701 1300 788 Vallisueriuru

281 833 456 894 nostrum
471 816 598 890 audiri
618 817 722 890 haud
740 818 856 890 semel
872 833 1095 908 testantem,
1110 843 1196 891 cum
1211 845 1304 893 rus-

279 941 354 1010 tica
373 937 511 1008 mulier
527 933 681 1006 filiolam
700 935 746 1006 ad
759 937 882 1034 ipsum
895 936 1109 1010 adduxisset
1130 955 1304 1010 strumo-

283 1081 378 1145 ἐπις
407 1059 486 1154 ipse
510 1069 637 1126 eutem
668 1070 713 1126 ut
734 1057 990 1153 paupercule,
1028 1063 1073 1134 et·
1099 1057 1304 1154 puellulae,

281 1176 379 1248 nihil
399 1177 472 1248 nisi
489 1175 620 1246 viuum
637 1189 751 1246 tenue
769 1173 996 1246 sumendum
1015 1176 1236 1272 imperasset
1263 1179 1303 1246 in
1401 1237 1402 1240 ,

283 1317 362 1392 quo
371 1295 515 1365 insecta
525 1315 607 1389 quae
624 1293 759 1364 asellos
772 1307 932 1381 vocant,
950 1309 1077 1366 essent
1089 1309 1303 1382 macerata,

283 1412 498 1509 mulierque
520 1435 566 1481 ex
584 1409 717 1484 iisdem
733 1411 794 1484 vel
813 1413 921 1510 plura
948 1435 1063 1510 quam
1084 1413 1163 1510 ipse
1190 1411 1303 1484 dixe-

225 1621 230 1632 Ι
283 1531 412 1617 mt,in
429 1531 561 1600 vinum
578 1551 729 1627 semper
746 1531 955 1626 injecisset,
974 1529 1231 1628 plurimasque
1244 1532 1304 1602 sio

285 1655 415 1720 urinas
428 1647 623 1732 movisset,
642 1663 773 1720 exacto
786 1671 1016 1722 meuseoum
1032 1646 1108 1721 filia
1126 1648 1302 1736 rediisse,
1402 1689 1403 1726 1

286 1769 366 1836 uon
385 1765 465 1836 siue
490 1765 547 1835 sui
566 1762 814 1835 admiratione
840 1781 1047 1863 persanata.
1069 1768 1159 1862 Quae
1176 1789 1303 1836 remo-

287 1883 348 1959 dia
366 1904 444 1953 non
461 1881 549 1954 ideo
578 1885 784 1954 memoravi
810 1882 913 1981 quod
940 1885 1070 1982 ignota
1093 1885 1191 1973 siut,
1222 1885 1300 1957 imo

288 2000 393 2102 quod
406 2000 859 2099 notissima‚eoqueapud
872 2002 1300 2101 quosdameontemptr,

288 2144 374 2196 cum
384 2136 509 2191 tamen
527 2119 755 2217 aliquando,
770 2121 809 2190 iu
821 2121 1166 2218 teuerapraesertim
1178 2137 1299 2207 aetete,

273 2235 415 2336 ¹nequo
452 2237 547 2309 adeo
584 2239 793 2309 inveterato
821 2237 979 2327 morbo,
1009 2236 1144 2312 afferre
1185 2263 1295 2338 opem

287 2372 430 2456 queaut
451 2379 516 2454 spe
542 2371 579 2428 et
597 2357 857 2453 expectatione
877 2357 1073 2452 majorem.

340 2475 396 2544 28.
419 2479 588 2546 Fortasse
607 2471 669 2544 hie
681 2497 843 2569 queres,
857 2489 1061 2547 numreote
1075 2474 1122 2545 ab
1138 2474 1295 2546 Riolauo

290 2593 429 2690 scripta
457 2592 532 2662 siut
561 2589 733 2687 quedam
758 2591 806 2662 de
834 2593 987 2664 strumis
1013 2593 1297 2692 Anthropogn·
1404 2611 1405 2616 ’

291 2709 389 2808 phiae
407 2707 505 2780 libro
524 2735 563 2796 a,
590 2731 670 2807 cup.
699 2707 752 2780 15.
773 2714 887 2783 Recte
911 2710 1073 2808 quidem·
1088 2711 1150 2782 illa
1167 2713 1298 2809 scripta

290 2841 399 2899 suut:
416 2851 483 2898 neo
499 2832 578 2898 sine
592 2833 739 2898 ratione
753 2826 875 2901 Julius
894 2828 1037 2899 Pollux
1057 2835 1096 2898 in
1117 2833 1297 2902 onomas-

291 2950 381 3032 tr'co‚
417 2950 517 3016 cirea
546 2950 804 3024 meseuterr'um
829 2960 991 3017 strumas
1011 2947 1108 3043 fieri
1148 2951 1297 3018 notarit.

290 3071 349 3140 De
367 3066 439 3140 Irae
460 3091 500 3138 re
519 3066 608 3139 vide
631 3066 849 3165 Philrppum
868 3072 1117 3168 Ingratum,
1143 3067 1240 3139 libro
1257 3065 1300 3138 de

294 3188 531 3273 Tumulus,
540 3209 633 3282 pag.
651 3210 731 3286 229.
757 3187 849 3281 Quae
867 3201 992 3257 autem
1012 3187 1186 3283 proxime
1210 3209 1297 3283 pru-

291 3301 448 3393 cedunt,
468 3327 549 3373 non
569 3317 691 3374 recte:
710 3305 898 3395 neoforas
914 3326 1107 3402 erumpere
1133 3327 1298 3402 unquam

293 3425 552 3510 strumas,nisi
559 3427 816 3492 mesenterr'um
823 3435 1046 3492 strumosum
1048 3423 1183 3513 fuerit.
1195 3421 1299 3491 Ideo-

293 3562 365 3635 que
394 3537 607 3616 Guidouem
643 3537 690 3608 de
727 3539 906 3613 Cauliaco
931 3529 1053 3638 perite
1095 3539 1298 3616 admodum

292 3669 519 3726 strumarum
546 3661 811 3754 scaturiginem
835 3682 861 3730 a
886 3663 1103 3740 meseuterio
1125 3671 1294 3756 repetere.

292 3777 385 3858 llam
403 3753 528 3844 Guldo
548 3772 618 3871 (1),
640 3789 677 3844 et
696 3775 761 3872 qui
778 3773 825 3844 ab
846 3775 927 3872 ipso
950 3775 1147 3860 laudatur,
1165 3771 1296 3846 Amol-r

330 4030 374 4112 (r)
397 4030 535 4117 Chirurg.
550 4044 587 4090 tr.
606 4051 637 4105 u,
652 4034 747 4091 doctr¹
765 4053 797 4107 r,
812 4054 839 4102 c„
850 4041 881 4112 4,
