2946 4662
263 381 337 474 433.
428 403 475 465 nr
501 377 647 452 snmnn's
672 405 715 450 nr
741 402 864 458 causis
890 403 1098 484 nonnosum
1129 469 1137 486 .

265 509 423 606 ciderat,
441 517 543 596 etad
562 519 741 616 parietem
764 519 917 616 occiput
934 533 1039 616 tanto
1067 517 1269 596 vehemen-

266 627 340 708 tius
354 627 516 708 alliserat
528 635 661 733 ,quod
680 636 753 708 hoc
772 636 961 724 calvum,
953 652 1163 768 ipseautem
1180 661 1270 735 pro-

267 779 355 828 cera
363 769 503 826 statura
511 769 599 826 erat
616 753 719 826 Nihil
728 769 807 826 tum
817 755 924 843 mali,
942 755 1014 828 nisi
1003 753 1132 854 qnod
1145 755 1271 832 multae

265 871 434 944 scintillae
455 871 574 948 oculis
593 871 840 944 observari
807 897 892 944 visae
909 887 1006 947 sunt
1033 876 1164 946 Postea
1179 897 1271 974 vero

267 988 316 1062 ad
329 985 515 1080 frontem
530 989 623 1062 etad
634 990 763 1064 oculos
781 989 892 1062 dolor
903 991 1272 1082 molestissimus,v1

266 1079 384 1208 gillae,
401 1105 530 1196 febris,
554 1107 627 1178 alvi
640 1105 772 1180 fluxus
800 1107 927 1180 Febris
948 1105 1036 1180 abit.
1057 1113 1147 1181 Mox
1174 1108 1275 1206 redit

267 1245 354 1295 cum
372 1224 505 1298 iisdem
512 1207 883 1328 symptomatibus.l
885 1251 911 1294 n
866 1225 1128 1299 Iconsiliurn
1143 1249 1271 1314 vocor.

266 1329 384 1414 Erant
399 1342 538 1440 quibus
560 1344 632 1416 alvi
648 1341 770 1416 fluxus
789 1344 1024 1447 potissimum
1043 1342 1271 1444 displiceret

267 1463 353 1530 Haec
370 1461 470 1531 enim
485 1461 654 1560 legerant
666 1437 767 1562 apird
781 1461 1033 1534 Marchettum
1050 1462 1122 1560 (1):
1132 1477 1278 1568 prester

268 1583 376 1673 signa
407 1580 456 1650 ab
479 1585 713 1680 Hippocrate
744 1586 969 1681 proposito,
1006 1577 1277 1654 observandum

271 1718 370 1784 esse,
390 1696 497 1794 quod
511 1723 656 1798 semper
677 1698 754 1770 alvi
762 1701 899 1798 fluxus
911 1697 1133 1802 vulneribus
1142 1701 1278 1796 capitit

271 1807 470 1902 accedens,
494 1817 704 1889 absentibus
732 1817 816 1888 licet
833 1815 921 1898 aliis
942 1817 1278 1915 symptomqtibus,

272 1933 416 2003 cerebri
426 1932 507 2006 loesi
521 1915 665 2032 signum
680 1951 742 2006 est.
759 1987 787 2004 ..
807 1989 813 2005 .
835 1941 917 2008 Hos
930 1957 1023 2006 vero
1044 1936 1134 2024 fere
1151 1957 1280 2008 omnes

272 2057 389 2139 mori,
404 2033 454 2123 ob
476 2053 605 2124 loesum
622 2055 810 2126 cerebrum
822 2067 939 2152 parte
956 2057 1121 2136 interna,
1147 2075 1227 2152 qua,
1241 2055 1281 2120 ιἰι

271 2169 667 2268 spt'nalemmedullam
675 2176 938 2270 exporrigitur,
950 2171 1285 2268 ulbinervortimor·
1347 2263 1351 2273 ι

276 2301 348 2374 tus,
361 2303 398 2359 et
409 2289 448 2358 in
460 2285 520 2359 his
538 2287 748 2360 ventriculo
758 2287 1083 2390 prospicientium.
1101 2290 1179 2384 Ego
1191 2295 1285 2356 vero

275 2429 361 2476 cum
385 2403 586 2535 diligenter
613 2407 741 2477 omnia
772 2406 1076 2503 exquisivissem,
1099 2419 1211 2502 atque
1242 2417 1287 2476 ut

277 2537 356 2594 erat
369 2523 508 2593 mensis
524 2523 692 2619 quintilis
709 2525 799 2595 anni
822 2523 933 2622 1739,
955 2547 1083 2632 aquae,
1099 2521 1165 2628 (ea
1182 2522 1286 2594 enim

274 2664 347 2737 pro
363 2655 456 2736 potu
469 2643 683 2740 praescripta
701 2639 846 2736 fuerat)
863 2641 949 2739 plus
968 2621 1075 2712 facile
1102 2640 1198 2746 sutrii
1224 2640 1288 2720 in,-
1356 2683 1363 2694 ·

273 2753 505 2856 telligerem,
525 2783 638 2858 quarn
654 2760 754 2833 senis
770 2757 1004 2831 ventriculus
1022 2755 1119 2832 ferre
1140 2772 1287 2864 posset5

274 2875 444 2946 omittam
457 2877 664 2976 ,inquam‚
683 2876 912 2978 disquirere,
938 2901 1031 2946 num
1050 2873 1287 2951 Marchettus

277 2987 371 3064 curn'
390 3009 647 3092 symptomata¹
664 2995 734 3064 alia
762 2992 891 3066 abesse
924 2993 1031 3080 dixit,
1056 3017 1105 3080 ea,
1128 3015 1287 3091 quoque¹

277 3113 448 3210 excipere
468 3112 629 3184 voluerit
658 3137 741 3210 quae
772 3113 820 3185 ab
838 3113 1065 3218 Hippocrate
1095 3110 1145 3180 ait
1168 3107 1289 3220 fuisse.

270 3233 482 3330 proposita,
495 3246 532 3302 et
549 3256 630 3330 quae
645 3247 746 3304 certe
761 3231 849 3310 hinc
867 3230 1012 3324 absunt.
1032 3234 1111 3298 Hoc
1132 3243 1290 3320 tantum,

272 3335 411 3454 dicam,
427 3352 456 3420 si
472 3373 567 3448 aeger
584 3349 727 3422 cibisac
744 3329 983 3452 potionibus,
998 3347 1204 3446 praesertim
1218 3349 1282 3418 in-

269 3470 468 3566 congruis,
497 3465 635 3539 referto
661 3467 895 3560 ventriculo,
921 3463 1134 3550 cecidisset,
1158 3464 1281 3572 conti7

221 3673 225 3678 ¹
267 3610 423 3683 nuoque
451 3585 515 3658 illa
545 3586 752 3682 rejecisset;
783 3582 954 3683 profecto
988 3607 1030 3654 ea
1066 3582 1277 3652 vomitione

297 3955 341 4034 (1)
360 3959 397 4048 In
415 3956 507 4036 addit.
525 3955 565 4014 sd
581 3955 646 4014 obs.
665 3953 710 4012 15.

1450 3679 1453 3892 l
