2854 4660
266 463 339 564 ³9⁰
432 487 479 537 ur
505 486 654 538 aturrus
680 489 725 538 ur
751 486 876 540 ciuus
902 487 1114 538 morionum

264 601 521 704 perveniebat.
540 607 675 701 Magna
689 619 814 675 antem
830 605 1024 702 sanguinis
1038 603 1145 676 effusi
1170 605 1284 702 copia
1308 647 1309 651 =

266 719 338 794 sub
365 718 512 790 cerebri
542 717 640 802 basi,
668 723 762 794 etin
795 723 986 794 anteriore
1014 745 1171 821 quoque
1202 721 1287 816 ejus

265 853 373 938 parte
399 861 560 910 crassam
584 841 684 912 inter
713 854 946 937 tenuemque
967 841 1189 938 meningem
1223 855 1285 908 re·-

266 970 372 1054 peria
393 971 457 1026 est.

317 1072 374 1146 52.
397 1079 479 1165 Qua
497 1077 643 1145 ratione
661 1071 743 1145 fieri
762 1075 800 1144 iu
820 1073 894 1148 hoc
920 1075 1102 1173 potuerit,
1128 1087 1173 1146 ut
1195 1095 1284 1146 cum
1338 1097 1343 1108 ’

268 1190 514 1278 fissumebset
535 1194 709 1291 occiput,
738 1193 848 1291 copia
875 1207 1001 1266 tamen
1025 1193 1222 1290 sanguinis
1245 1194 1285 1264 iu

232 1339 236 1349 ·
270 1311 459 1382 anteriore
486 1335 641 1408 qunque
672 1312 803 1408 capitis
829 1327 935 1408 parte
959 1312 1058 1382 iuter
1085 1312 1288 1409 meninges

269 1426 385 1500 effusa
421 1427 796 1525 deprehenderetur,
823 1455 869 1500 ex
904 1431 950 1502 iis
982 1427 1171 1526 intelliges
1201 1453 1288 1525 quae

269 1547 440 1643 superius
469 1545 718 1616 indicavimus
735 1545 811 1642 (1):
840 1568 1056 1646 quanquam
1081 1571 1167 1618 curn
1190 1547 1290 1618 mul·

268 1679 331 1734 tus
349 1665 499 1760 sanguis
516 1679 611 1733 esset
628 1663 699 1734 sub
725 1664 871 1735 cerebri
893 1664 995 1749 basi;
1012 1661 1101 1734 inde
1123 1660 1286 1736 fortasse

268 1803 356 1880 pars
381 1780 479 1850 iliius
497 1795 669 1878 potuerat
699 1798 913 1853 antroraum
941 1805 1095 1880 quoque
1126 1805 1290 1880 pergere

269 1899 369 1974 inter
389 1900 595 1995 meninges.
615 1895 726 1988 Qund
749 1901 779 1970 si
802 1895 985 1984 nonfuit,
1009 1921 1094 1970 vasa
1116 1923 1196 1970 non
1219 1899 1290 1971 de-

269 2032 383 2102 sunt,
403 2039 472 2086 nec
495 2041 536 2085 ea
556 2018 704 2102 tenuia,
725 2039 805 2113 quae
820 2016 868 2086 ab
887 2011 1022 2087 harum
1040 2016 1158 2088 altera
1175 2017 1214 2087 in
1233 2017 1290 2087 al-

268 2150 386 2208 teram
406 2134 577 2228 trajecta,
596 2135 634 2202 in
655 2135 799 2230 magnis
815 2133 1000 2230 ejusmodi
1020 2134 1288 2205 concussioni-

268 2251 359 2334 bus,
381 2253 410 2323 si
428 2253 631 2348 praesertim
656 2252 862 2348 piurimurn
885 2252 1045 2324 distenta
1073 2253 1171 2340 sint,
1204 2275 1286 2322 non

270 2369 424 2442 difficile
441 2385 678 2468 rumpantur.
699 2367 768 2439 Sed
791 2386 906 2453 tunc,
923 2372 1033 2440 etiam
1046 2385 1149 2440 extra
1167 2371 1287 2467 ipsam

272 2487 439 2560 calvarie
470 2509 619 2558 caveam
656 2487 913 2584 possunt-alia
943 2485 1150 2583 disrumpi,
1180 2484 1288 2556 unde

271 2604 424 2736 stprguis
442 2628 510 2699 per
522 2627 648 2691 aures,
667 2619 796 2692 naresi,
814 2627 857 2675 os
874 2601 1009 2676 effluat.
1027 2607 1118 2694 Quae
1140 2601 1289 2674 facilius

271 2719 461 2800 accident,
481 2722 510 2790 si
531 2719 661 2792 fissura
683 2723 876 2818 perveniat
895 2720 942 2792 ad
973 2743 1194 2820 processum
1219 2745 1285 2818 pe-

272 2853 437 2924 trosum,
457 2845 552 2910 utin
573 2839 643 2911 huc
661 2842 761 2927 viro,
781 2855 847 2912 aut
869 2839 900 2910 si
916 2841 1086 2936 sanguis,
1106 2855 1149 2909 ut
1170 2841 1209 2908 in
1229 2863 1289 2910 su·

273 2957 423 3055 periore
436 3009 449 3044 ,
462 2952 509 3029 si't
528 2981 647 3056 prope
671 2983 770 3028 nova
788 2959 955 3057 tympani
987 2954 1171 3027 foramina
1191 2959 1291 3028 inter

274 3077 469 3162 cranium,
490 3091 526 3146 et
540 3100 701 3148 crassam
718 3077 933 3174 meningem
956 3071 1108 3146 effusus.
1139 3075 1290 3144 Parilia

275 3194 376 3266 enim
394 3195 489 3265 viam
503 3219 582 3266 esse
597 3195 636 3264 in
654 3195 824 3291 tympani
845 3213 1018 3277 caveam,
1045 3217 1091 3262 er
1111 3191 1291 3264 haerere

276 3333 346 3406 per
369 3311 559 3383 Eustachii
577 3311 707 3382 tubam
728 3313 766 3380 in
795 3335 933 3392 naresi¹
956 3309 1183 3406 iaueesque,
1210 3333 1289 3379 non

277 3442 332 3496 ast
352 3451 419 3496 cur
437 3428 499 3498 hic
517 3431 821 3526 monstrem,qui
838 3429 1044 3515 turdum,
1061 3427 1288 3523 atqueadeu

279 3541 325 3612 de
359 3545 550 3638 sanguinis
574 3570 593 3617 e
621 3548 749 3616 cranio
776 3569 848 3644 per
894 3545 962 3618 has
984 3546 1065 3616 -rias
1091 3546 1200 3618 exitu
1215 3546 1290 3640 jam

280 3660 369 3730 olim
391 3660 480 3733 alibi
499 3662 557 3760 (a)
575 3665 662 3736 satis
677 3664 903 3762 scripserim.
1050 3713 1055 3720 -
1083 3679 1118 3720 1¹2

320 3943 362 4024 (1)
384 3949 423 4018 It..
446 3953 493 4012 41.
572 3949 576 3958 '
611 3927 615 3936 Ι

319 4039 362 4118 (a)
383 4045 476 4120 Epist.
493 4055 574 4102 anat.
588 4045 623 4118 6,
640 4045 704 4101 n.6
722 4055 826 4121 etseq.
