2812 4656
153 481 156 494 ·
185 469 254 515 uua.
269 468 317 514 iv.
334 469 381 514 uu
396 467 744 532 morimonianus,
762 461 830 516 etc.
852 471 964 519 misr.
984 473 1016 518 ι,
1046 451 1112 522 ι6ι

110 581 280 654 venerim
299 579 354 676 (1)
366 634 376 666 ,
389 581 477 652 satis
486 580 577 652 alibi
594 583 855 679 scriptumest.
875 583 976 674 Quid
993 601 1120 678 autem

107 700 146 771 in
162 699 300 786 eadem
313 697 488 797 glandula
504 714 694 772 tumorem
716 697 826 771 faciat
841 724 957 798 quem
982 705 1120 799 parutis

107 817 196 891 dem
216 842 414 906 vocamus,
430 831 470 889 et
485 841 599 915 quem
628 843 724 916 saepe
742 817 904 915 quidem
928 833 1040 890 acuto
1065 820 1119 888 vi·

107 953 221 1035 gente
243 935 396 1023 morbo,
425 934 680 1034 ambiguoque
710 935 825 1031 hujus
848 951 986 1008 eventu
1009 938 1118 1024 oriri,
1211 1025 1217 1042 ι

105 1079 222 1131 uerno
248 1056 392 1152 estqui
418 1055 587 1152 ignoret;
619 1044 899 1151 nonuunquam
923 1069 1050 1128 tamen
1077 1054 1118 1128 iu
1175 1083 1191 1123 ·;

106 1170 478 1258 convalescentibus,
497 1185 610 1268 atque
631 1171 728 1243 adeo
753 1171 831 1266 jam
851 1185 955 1242 extra
975 1171 1117 1246 lectum

103 1288 356 1388 degentibus,
398 1288 557 1364 feliciter
593 1289 810 1386 apparuisse
837 1289 995 1378 scimus,
1030 1285 1115 1360 cum

102 1407 272 1480 necdum
298 1405 476 1481 acciderit
503 1421 545 1477 ut
578 1405 868 1493 dissecaremus,
907 1431 978 1504 pro
1010 1420 1118 1480 certo.

100 1525 230 1600 dicere
253 1551 333 1599 non
362 1549 584 1628 possumus3
613 1549 833 1623 quanquam
850 1523 1044 1598 interdum
1069 1548 1115 1598 ex
1157 1605 1160 1612 5

100 1643 266 1718 humore
281 1642 365 1716 fieri
384 1667 494 1742 posse
512 1644 580 1740 qui
598 1647 725 1741 potius
739 1643 924 1741 glandulae
943 1666 1115 1716 commu·-

101 1765 166 1834 nia
191 1767 468 1862 integumenta,
491 1787 605 1859 quam
628 1763 747 1860 ipsam
776 1759 980 1849 distendat,
1002 1786 1047 1832 ex
1067 1786 1113 1832 eo

102 1879 261 1954 fortasse
284 1873 462 1977 conjicies
484 1904 598 1978 quem
617 1894 864 1976 conspectum
884 1877 1032 1950 anobis
1055 1903 1117 1951 rea

101 1999 221 2097 legeS,
249 1999 355 2070 illum
386 1983 499 2097 quern
520 1999 636 2069 modo
663 1999 959 2069 momoravimus
988 1977 1112 2094 primo

100 2116 199 2203 loco,
210 2114 942 2211 tumoremdescribentihus3praesertim
951 2112 1017 2184 ubi
1028 2137 1115 2210 sup«

101 2249 260 2330 purato,
280 2249 489 2331 curatoque
513 2247 686 2321 tumore;
717 2231 914 2330 glandula,
939 2255 1008 2303 suo
1032 2255 1112 2300 rnu-

101 2375 193 2422 nere
208 2352 386 2440 omnino,
403 2367 445 2424 ut
470 2367 599 2439 antea,
630 2365 732 2426 recte
765 2347 952 2447 fungatur.
987 2353 1111 2446 Ipsam

101 2493 192 2541 vero
213 2469 448 2568 glandulam,
473 2467 571 2542 febri
592 2469 696 2541 nulla
717 2467 868 2567 praevia,
895 2467 1034 2540 sensim
1053 2465 1111 2536 in·
1205 2533 1209 2548 ,

72 2683 76 2691 ἱ
101 2603 334 2676 tumescere,
365 2603 402 2659 et
419 2586 552 2659 duram
570 2583 653 2658 fieri
670 2611 749 2658 non
768 2599 876 2658 secus
894 2607 937 2660 ac
958 2583 1047 2656 alias
1070 2583 1111 2656 in

101 2704 202 2778 collo
213 2705 414 2801 subjectas,
433 2707 572 2778 cumin
588 2719 752 2776 strumas
763 2701 1037 2800 grandescunt,
1052 2701 1110 2779 ni«

101 2824 173 2896 mis
191 2823 368 2896 omnibus
379 2837 514 2902 notum
531 2836 587 2894 est
601 2820 740 2919 quibus
752 2843 930 2918 magnum
943 2803 1111 2916 plerum·-

102 2963 178 3037 que
206 2940 401 3038 negotium
431 2927 637 3028 lacessunt,
666 2937 822 3010 medicis
848 2952 884 3012 et
912 2935 1108 3033 chirurgis.

100 3060 387 3155 Nonnunquam
402 3067 528 3138 tamen
547 3058 659 3156 longe
675 3052 818 3128 facilius
835 3076 949 3150 quam
968 3053 1112 3150 sperari

101 3189 252 3272 posset,
271 3175 523 3252 resolvuntur.
545 3176 605 3246 Sic
629 3177 668 3242 in
692 3173 865 3270 septenni
884 3168 1011 3268 puella
1033 3173 1109 3248 Ve*

46 3389 51 3396 Ι
102 3307 189 3366 neta
202 3293 414 3391 parotidem
428 3293 584 3372 memini
603 3291 737 3364 duram
756 3288 911 3376 factam,
938 3312 981 3359 ac
1004 3285 1112 3358 valde

102 3426 333 3497 tumentem,
367 3435 438 3484 uec
474 3413 553 3490 siue
586 3409 718 3481 dolore
753 3409 833 3504 j'am
865 3404 1109 3505 tangendam,

102 3529 209 3600 omui
226 3551 309 3624 quae
323 3526 556 3617 substiterat,
573 3525 753 3626 paulatim
769 3524 923 3623 quidem
935 3579 944 3614 ,
956 3521 1029 3608 sed
1048 3547 1111 3620 pe·

103 3645 205 3724 nitus
233 3643 399 3724 discussa
424 3647 598 3733 materia,
624 3643 671 3722 ad
698 3658 840 3716 naturae
869 3640 1025 3718 modum
1052 3663 1114 3710 re-

112 3849 1114 3878 mmm

143 4016 190 4097 (ι)
211 4018 310 4098 Epist.
327 4037 379 4090 ιι,
394 4037 423 4080 n.
443 4015 492 4080 15..
