2828 4652
129 473 201 524 ua.
221 474 278 524 111·
306 473 354 522 DE
377 471 515 522 HORBIS
531 471 702 539 vaurms,
727 413 839 522 srlsr.
859 470 989 526 xtvnt'.
1019 471 1087 556 129

79 603 122 662 et
132 586 310 660 manibus
329 609 479 659 sursum
504 586 725 693 incurvatis,
747 603 783 684 et
809 587 909 662 binis
933 615 1089 689 praeser-

78 709 151 780 tim
178 703 394 778 tumoribus
416 701 624 777 deformem
642 705 760 778 altero
783 706 830 777 ad
854 731 897 779 os
922 733 1089 798 sacrum,

79 823 204 898 altero
224 819 295 895 sub
315 821 518 910 umbilicO,
537 845 613 919 qua
632 847 701 920 per
717 821 930 896 abdominis
945 825 1090 898 hiatum

80 943 284 1029 intestina,
309 954 347 1012 et
375 939 447 1010 alia
465 941 606 1011 viscera
631 962 798 1038 egressa,
825 944 1092 1040 peritouaeum,

82 1084 165 1157 quo
186 1082 265 1130 uno
281 1055 593 1143 continebantur,
611 1055 720 1128 valde
747 1057 987 1131 extollebant.
1018 1063 1094 1132 Cu-

80 1175 252 1276 jusmodi
264 1190 416 1274 partum
430 1197 517 1246 cum
532 1173 743 1273 prudenter
768 1174 949 1248 obstetrix
967 1203 1094 1277 neque

84 1293 307 1383 ostendere,
321 1317 446 1391 neque
461 1291 674 1365 describere
690 1317 886 1392 puerperae
900 1295 1094 1392 voluisset;

83 1413 186 1486 ultro
202 1395 440 1484 describebat
466 1408 545 1481 haec
572 1410 675 1508 ipsa,
698 1433 942 1505 narrans‚se
968 1413 1095 1486 medio
1191 1417 1194 1422 ’

86 1529 307 1630 gest-ationis
332 1541 503 1625 tempore
527 1524 711 1599 infantem
738 1529 942 1604 somniasse
966 1534 1096 1630 quiin
1215 1519 1217 1528 ’

83 1663 260 1722 ventrem
278 1645 349 1718 sibi
366 1645 551 1718 violenter
568 1647 748 1736 irrueret,
766 1673 929 1746 eumque
940 1647 1096 1722 artubus

85 1766 137 1838 ita
149 1765 337 1848 incurvis,
352 1779 388 1836 et
400 1761 499 1836 binis
514 1762 747 1852 tumoribus,
764 1767 951 1838 anteriore
965 1782 1001 1840 et
1016 1792 1099 1864 pos·

87 1885 231 1957 teriore
248 1883 307 1954 sic
321 1879 590 1971 deformatum,
611 1882 807 1980 quomodo
821 1908 952 1982 reapse
972 1885 1099 1957 exclu-

89 2016 211 2074 serat:
227 1999 323 2072 adeo
337 1997 385 2070 ab
397 1997 464 2070 illo
481 1999 630 2070 somnio
655 2000 875 2097 perterrita,
896 2016 1098 2100 postquam

89 2116 215 2192 fuerat
228 2112 509 2216 expergefacta,
537 2117 681 2188 tristem
700 2117 884 2212 ejusmodi
902 2118 1023 2190 ideam
1041 2143 1100 2193 re·

89 2237 268 2310 tinuerat.
287 2237 344 2305 Tu
361 2235 492 2332 igitur,
504 2233 656 2331 inquis,
676 2234 707 2306 si
722 2249 898 2305 materuae
917 2237 1100 2335 imagina-

90 2355 190 2426 tioni
214 2352 293 2426 haec
319 2351 483 2426 adscribi
509 2375 620 2452 posse
653 2377 732 2423 non
755 2353 1100 2450 negas3'rationem

90 2471 328 2570 modumque
347 2471 509 2546 edissere
526 2495 603 2569 quo
626 2469 687 2541 illa
700 2467 856 2543 'efficere
878 2469 955 2542 haec
973 2489 1100 2570 queat.

91 2589 167 2662 Sed
182 2589 295 2660 nimis
311 2587 429 2670 multa
448 2601 572 2662 essent
588 2589 627 2659 in
647 2587 812 2686 physicis
824 2613 907 2686 quac
924 2615 945 2661 a
963 2615 1023 2662 me
1041 2617 1101 2664 ne-

93 2709 174 2806 gari
191 2706 394 2792 deberent,
405 2707 435 2779 si
448 2720 649 2805 propterea
665 2705 836 2805 neganda
850 2722 994 2795 essent,
1010 2711 1101 2807 quia

92 2824 254 2898 modum
271 2849 351 2922 quo
373 2821 489 2912 liunt,
512 2849 591 2895 non
612 2848 802 2922 assequor.
839 2829 948 2896 Certe
975 2807 1112 2898 auteul

93 2967 166 3016 nec
177 2957 236 3030 tu,
257 2943 287 3014 si
296 2965 447 3032 verum,
464 2957 508 3014 ut
525 2943 643 3029 soles,
662 2939 768 3014 lateri
779 2941 890 3032 velis,
909 2945 996 3014 satis
1008 2943 1102 3016 illud

95 3061 327 3158 assequeris,
353 3062 420 3158 qui
441 3057 582 3133 factum
600 3061 665 3148 sit,
691 3074 734 3132 ut
759 3074 844 3157 post
872 3075 991 3132 certas
1013 3061 1100 3133 istas

95 3178 384 3276 imaginationes
410 3177 569 3250 morbus
589 3191 725 3276 praesto
751 3176 864 3248 fuerit
882 3179 949 3275 qui
968 3175 1100 3248 foetum

97 3295 203 3368 haud
221 3295 329 3368 aliter
351 3292 618 3367 deformaverit
640 3319 683 3366 ac
705 3292 848 3366 ferebat
866 3294 1102 3392 imaginatio,

95 3415 149 3486 ita
169 3414 225 3485 uti
243 3411 358 3490 bacca
372 3403 573 3500 illa‘mori,
589 3435 699 3485 eruca
715 3411 797 3497 illa,
821 3411 1016 3483 labrorum
1031 3412 1108 3484 illoe·

98 3529 261 3618 fissurae,
280 3531 485 3629 digitorum
495 3531 559 3602 illa
577 3531 829 3617 mutilatio,et
846 3531 1032 3628 unguium
1046 3533 1104 3604 iu·

101 3648 211 3722 solita
231 3648 448 3739 collocatio,
474 3649 592 3721 cranii
612 3663 649 3720 et
669 3646 816 3719 cerebri
835 3646 1004 3722 defectus
1019 3649 1104 3741 ille,

102 3769 217 3866 spinae
235 3766 329 3839 illud
342 3768 495 3856 vitium,
511 3767 721 3840 incurvatio
731 3765 924 3864 illa,iique
935 3782 1104 3842 tumores

34 3899 37 3979 ᾗ
102 3909 182 3956 non
202 3883 318 3956 modo
339 3881 502 3984 perlecto
516 3909 581 3958 sua
606 3881 744 3984 figura,
771 3885 990 3982 caeterisque
1012 3910 1105 3958 con·

36 3985 38 4008 ¹
103 3999 313 4076 ditionibus
353 4003 610 4102 unaginationi
652 4001 937 4100 responderint,
974 4027 1106 4075 verum

175 4121 210 4195 6·
940 4143 965 4218 s
