2784 5088
299 391 371 480 458
459 407 515 466 'nr
540 415 688 466 srurrns
712 419 756 466 rr
781 417 906 468 clasis
931 417 1139 469 normann

300 555 425 628 nuper
453 533 716 619 animadverti,
749 535 802 606 sic
842 551 1076 632 proponant,
1107 533 1280 605 hominen
1352 585 1353 632 3

300 663 413 720 oetate
420 651 508 745 jam
519 675 690 746 gravem,
711 655 815 748 cujus
831 651 1011 724 cerebello
1031 653 1190 737 uulnus,
1205 652 1281 724 duo·
1352 747 1353 752 ἵ

301 789 383 836 rum
402 765 602 863 digitorum
617 769 816 840 latitudine
826 773 968 862 fuerat
985 771 1183 866 inflictum:
1202 773 1229 840 si
1241 785 1283 840 ta·
1352 765 1353 768 ¹

300 908 389 954 men
410 885 641 985 Veslinginrn
661 903 800 960 attente
825 889 1020 986 perlegas,
1045 886 1154 960 facile
1172 888 1285 960 intelli·
1352 905 1353 908 ’

303 1023 367 1097 ges
384 1003 521 1090 (mitto
541 1003 586 1076 50
603 1008 785 1098 majorem
805 1007 937 1092 arrrris,
963 1005 1030 1077 sed
1050 1006 1208 1077 uiridem
1221 1011 1287 1076 uiro

299 1133 483 1238 penetrem
507 1119 635 1216 fuisse)
655 1124 807 1220 occipiti
838 1124 991 1220 quidem
1025 1123 1144 1194 latum
1172 1123 1286 1194 vulnus

301 1238 480 1332 inflictum
500 1265 595 1328 esre,
623 1241 696 1314 hoc
725 1257 849 1312 autem
879 1257 1079 1338 utramque
1103 1246 1287 1335 meningen

292 1355 525 1451 pervadens,
544 1357 763 1429 cerebellum
781 1358 836 1428 ad
852 1359 1013 1429 duorum
1034 1359 1234 1455 digitorum
1249 1357 1289 1427 ln
1352 1349 1353 1404 l

302 1471 497 1543 titudinem
524 1481 730 1562 strinxisse,
754 1476 790 1546 id
815 1491 870 1547 est
896 1475 1136 1573 superficiem
1156 1477 1287 1571 ejusra·
1352 1561 1353 1566 ἵ

302 1587 413 1676 sisse,
429 1591 624 1687 quomodo
641 1595 787 1665 Nonius
812 1594 1011 1664 Marcellus
1031 1595 1088 1691 (r)
1108 1593 1202 1665 illud
1222 1593 1288 1662 Vir·
1352 1625 1353 1646 r

300 1703 377 1808 gilii
392 1733 585 1806 exponens
612 1712 753 1783 AEneid.
774 1711 872 1784 libro
890 1713 912 1782 8
932 1711 987 1808 (a)
1005 1718 1241 1809 stringentem
1256 1713 1290 1778 ri·
1351 1659 1353 1748 l

292 1849 393 1921 pas,
420 1827 585 1926 ideoque·
605 1830 735 1901 leviter
757 1830 996 1918 vulnerasse,
1019 1844 1061 1900 ut
1088 1831 1232 1900 Servius
1251 1821 1286 1896 ad

299 1942 412 2014 alium
433 1947 578 2044 Virgilii
596 1948 722 2018 locum
745 1947 799 2044 (3)
817 1954 985 2034 strinxit,
1004 1947 1151 2043 inquit,
1176 1949 1288 2037 estn'g·
1352 1969 1353 2050 p

299 2063 469 2157 nisiaatio
500 2063 585 2136 levir
609 2065 785 2137 uulneris.
817 2067 884 2136 Hic
918 2079 1041 2135 antem
1072 2063 1285 2144 memineris,

299 2181 531 2278 Veslingiurn
553 2183 600 2254 ab
617 2183 775 2254 Riolano
794 2182 851 2280 (Δ)
870 2181 979 2254 fnisse
992 2197 1166 2253 notatum
1179 2235 1189 2268 ,
1202 2177 1285 2278 quasi

301 2300 491 2397 scripserit
505 2316 655 2400 compta
677 2315 714 2370 et
731 2299 896 2396 eleganti
908 2305 1108 2386 oratione,
1128 2295 1286 2368 interdum

300 2417 483 2505 obscura,
510 2424 600 2516 quia
621 2423 783 2489 terminis
807 2432 844 2487 et
868 2418 1026 2489 uocibus
1043 2422 1190 2486 usitatr's
1209 2415 1285 2482 inter
1352 2427 1353 2448 ¹

299 2534 556 2606 medicosnon
572 2551 733 2606 estuans.
753 2534 865 2624 Quod
886 2535 916 2605 si
934 2533 1026 2604 illud
1045 2558 1202 2632 quoque
1221 2528 1283 2599 vul·
1352 2521 1353 2558 ³

298 2642 1283 2749 nusanimadvertissentexqqualloppiusnosterlfi)

301 2769 469 2866 scripsit,
487 2769 658 2841 cerebelli
659 2776 788 2868 primo
804 2775 1054 2868 quantitatem
1065 2773 1183 2866 grani
1199 2765 1286 2838 nicia
1352 2753 1353 2780 ¹

301 2893 490 2958 crassioris
509 2913 691 2983 egressam
718 2913 818 2958 esre:
842 2886 1005 2958 secundo
1031 2911 1117 2958 aum
1138 2877 1285 2977 frustula

302 3029 406 3076 ossea
425 3011 650 3078 extraxisset
664 3031 712 3076 en
737 3007 948 3076 substantia
969 3004 1155 3101 ejusdem,
1184 2998 1287 3072 adiu
1352 3093 1353 3120 1

300 3125 416 3195 aliam
446 3123 678 3222 particulam
716 3129 936 3194 crassiorem
968 3127 1093 3219 priori
1128 3136 1286 3218 egressui

300 3262 391 3329 esse,
414 3241 581 3338 proclive
615 3239 745 3312 luisset
774 3239 1005 3338 respondere
1043 3238 1120 3310 hoc
1157 3241 1286 3329 insuper

406 3868 441 3920 ln
456 3865 522 3940 ipso
535 3863 622 3919 initio
635 3863 830 3920 animadvers.
846 3861 880 3918 in
897 3861 1108 3939 synnvesling.

404 3966 449 4022 De
462 3964 613 4021 vulnerib.
629 3981 655 4020 c.
667 3964 696 4018 6.
