2854 4660
159 479 227 526 cm.
243 475 291 524 ιν.
307 475 353 522 oc
366 473 502 522 nonnis
516 471 716 537 cainone„
734 464 803 522 etc.
817 475 929 523 amsa.
948 478 995 525 it.
1024 451 1094 555 337

86 615 170 664 cum
188 589 290 689 apud
301 589 788 687 quosdam,-etn0minatim
801 591 900 687 apud
910 597 929 662 J
932 617 1097 665 oannem

86 709 350 780 Salamannum
361 705 462 802 (1)in
481 705 709 803 quibusdam
722 707 898 802 subjectis
912 711 1011 781 inter
1030 737 1098 782 an-

84 824 394 917 teriorescerebri
406 822 514 894 lobos
534 837 571 894 et
586 809 755 894 cranium
771 831 1031 912 ,interstitium
1044 827 1099 899 ad

82 939 703 1042 polliciscrossitiemexcedens(an
724 941 919 1040 accedens)
929 945 1099 1042 qnando-

87 1083 159 1157 qne
169 1064 356 1157 conspici,
378 1057 531 1155 legisse3
546 1073 625 1129 tum
634 1059 726 1130 mihi
736 1085 978 1158 quoquenon
994 1088 1101 1160 aeque

90 1178 220 1250 saltem
245 1178 284 1246 in
314 1174 493 1248 omnihus
513 1177 700 1274 repletum
734 1178 894 1250 cerebro
927 1180 1101 1250 cranium

90 1317 167 1370 csse
184 1297 326 1381 visum,
343 1309 384 1366 ut
401 1298 439 1366 in
458 1293 687 1366 Adversariis
702 1295 761 1393 (2)
780 1295 963 1368 indicavi:
983 1322 1102 1395 quan·
1200 1353 1201 1358 η

89 1437 201 1511 quam
220 1414 380 1484 varietas
399 1412 477 1484 haec
496 1415 558 1483 an·
571 1413 682 1484 variis
706 1412 803 1484 lunae
822 1414 1003 1513 phasibus
1024 1441 1102 1489 res·

90 1531 294 1630 ponderet,
309 1555 433 1627 neque
449 1531 640 1623 illinunt,
654 1555 780 1628 neque
800 1557 871 1629 ego
880 1510 895 1621 ,’
909 1547 951 1604 ut
970 1559 1103 1606 verum
1162 1570 1164 1576 v

89 1645 225 1738 fatear,
240 1673 410 1746 unquam
428 1647 583 1720 attendi.
616 1653 701 1722 Non
722 1671 782 1719 me
811 1651 966 1747 quidem
986 1647 1101 1750 fugit,
1176 1695 1184 1710 =
1243 1647 1244 1656 ’

88 1781 133 1838 ut
143 1766 234 1838 olim
248 1768 459 1840 Glissonius
470 1766 525 1862 (3)
542 1767 705 1864 scripsit,
715 1771 752 1836 in
762 1773 855 1840 vivis
869 1767 1105 1846 animalibus

90 1907 167 1956 esse
185 1899 334 1958 tantum
345 1889 537 1984 potentio,
552 1908 628 1954 non
642 1899 748 1972 octa,
759 1886 858 1958 inter
872 1887 1012 1957 ventris
1031 1887 1106 1958 vis·
1164 1862 1167 1874 η

92 2027 178 2074 cera
195 2008 372 2075 cavitates
384 2019 420 2072 et
430 2008 473 2074 oi
489 2002 687 2100 aeqnabilis
707 2009 988 2100 compressionis
1007 2029 1107 2074 mns-

91 2118 262 2192 cnlornm
279 2119 493 2192 abdominis
509 2143 636 2190 omnes
656 2119 756 2190 iilius
768 2115 901 2217 partes
915 2135 1108 2217 contignos

92 2261 172 2308 esse
186 2264 198 2324 ‚·
229 2239 279 2309 ita
299 2238 413 2310 hodie
437 2237 536 2308 inter
555 2261 814 2334 quascumque
839 2237 999 2310 viventis
1024 2262 1107 2308 cor·

94 2357 203 2454 poris
221 2371 345 2453 partes
365 2356 513 2428 nullum
539 2379 698 2452 usquam
739 2379 759 2425 a
796 2355 1109 2451 praestantissimis

96 2497 178 2544 non
195 2475 323 2571 paucis
348 2475 437 2545 viris
468 2474 707 2544 intervallum
735 2473 898 2570 agnosci.
934 2478 1109 2546 Attamen

98 2615 188 2662 cum
207 2590 442 2663 immutabile
466 2592 637 2664 cranium
663 2593 726 2678 sit,
758 2589 957 2661 cerebrum
984 2607 1109 2663 autem

99 2709 219 2805 magis
237 2709 408 2780 minusve
424 2709 542 2806 possit
562 2723 731 2806 turgere,
753 2709 829 2779 sive
847 2707 894 2778 ab
911 2707 1009 2779 lunae
1023 2708 1112 2806 pha·

97 2823 222 2914 sibus,
237 2841 280 2898 ut
294 2824 341 2897 ab
359 2825 576 2898 doctissimo
592 2824 739 2898 Meadio
759 2825 817 2921 (Δ)
838 2825 1016 2896 traditum
1039 2841 1109 2914 est,
1166 2889 1168 2894 .

98 2944 178 3016 sive
198 2967 475 3041 aquacumque
491 2967 602 3015 causa
619 2969 700 3041 quae
716 2942 936 3042 sanguinem
956 2959 1110 3042 augeat,

96 3076 165 3134 aut
184 3061 390 3160 expandat;
407 3085 485 3132 non
501 3062 587 3132 satis
602 3061 714 3132 video
729 3116 738 3149 ‚
768 3085 837 3131 cur
852 3059 946 3129 illud
966 3062 1109 3149 minuS‚

97 3180 264 3278 magisve
279 3203 300 3250 a
321 3179 480 3250 calvaria
497 3177 634 3250 distare
651 3177 841 3248 interdum
861 3200 971 3273 posse
988 3177 1048 3248 vel
1067 3179 1109 3246 in

96 3295 317 3370 viventibus
334 3319 596 3394 pernegemus.
627 3293 781 3366 Accedit
798 3293 872 3364 huc
898 3293 1111 3366 substantiae

97 3417 221 3514 ipsius
236 3414 381 3487 cerebri
394 3415 661 3506 contractiosac
680 3411 864 3499 densitas,
889 3437 972 3510 quae
992 3409 1111 3486 unde·

161 3736 190 3813 ι)
211 3734 336 3791 Dissert.
349 3733 386 3789 de
400 3735 477 3788 mira
488 3730 584 3789 cranii
596 3731 681 3789 fract.
696 3736 712 3802 ς
728 3751 774 3804 17.

179 3833 192 3912 )
211 3837 270 3890 VI.
287 3833 424 3890 Animad.
442 3833 490 3901 84.

179 3934 191 4012 )
212 3935 313 3990 Tract.
329 3935 365 3990 de
380 3933 490 3990 Partib.
505 3933 677 3993 Continent.
694 3931 773 3998 c.,16
783 3973 791 4003 ‚
807 3951 837 3986 n.
854 3949 902 3986 αι.

180 4034 193 4110 )
215 4035 261 4090 Dc
275 4034 381 4109 imper.
396 4036 458 4094 Sol.
474 4052 508 4092 ac
521 4034 598 4089 Lun.

211 4184 219 4202 .
903 4151 947 4196 22

142 3735 157 3812 (

144 3834 177 3912 (a

143 3933 155 4000 i
159 3935 177 3992 3

142 4034 178 4114 (t
