2854 4660
494 377 498 408 Ι

222 497 291 542 ain.
311 485 984 558 1v.nanoasrscnrnuno.,etc.errsr.
1007 502 1053 547 cr.
1082 469 1154 553 333

145 611 323 682 abscessu
343 610 491 706 scripsit
516 609 555 678 in
576 629 739 679 concava
760 611 941 705 jecinoris
960 631 1065 711 parte
1089 619 1154 690 ob·

146 743 315 815 servam,
338 725 378 796 id
407 741 586 822 tanquam
615 725 686 796 sibi
710 742 855 798 certum
887 738 1152 830 proposuisse3

147 845 301 944 quando
316 847 486 942 inspecta
500 845 581 930 itta,
596 845 697 916 unde
717 844 748 916 is
765 846 872 920 locus
889 867 1065 948 acceptus
1082 850 1155 946 est,

146 961 356 1060 appendice
373 961 431 1057 ,ad
445 959 621 1032 libellum
649 961 695 1034 de
714 965 1045 1057 convulsionibus,
1075 995 1155 1044 non

147 1105 192 1153 ea
212 1081 391 1177 leguntur
411 1105 493 1177 quae
513 1081 551 1149 in
572 1081 818 1177 Sepulchreto
840 1083 914 1179 (r),
936 1103 1051 1184 atque
1071 1090 1112 1159 i'd
1129 1117 1155 1160 a

142 1197 332 1298 plerisque
367 1197 547 1294 chirurgia
577 1199 810 1270 observatum
835 1227 925 1290 esse,
960 1212 1058 1294 sci'0;
1089 1210 1155 1279 sed

146 1316 250 1397 baec,
269 1339 319 1385 an
341 1315 383 1386 id
384 1317 487 1411 flat,
505 1321 742 1413 eveniatque,
773 1325 920 1405 nesci03
941 1323 1010 1392 sed
1033 1341 1156 1396 tamen

145 1459 174 1504 a
177 1433 372 1532 plerisque
390 1433 568 1529 chirurgr‘s
598 1433 641 1504 id
657 1436 891 1508 observatum
917 1459 994 1510 esse
1018 1441 1156 1515 audivi.

147 1552 227 1626 Sed
237 1558 269 1623 si
281 1555 376 1646 fiat,
391 1577 468 1649 qua
484 1557 631 1624 ratione
646 1560 853 1651 contingat,
873 1572 911 1627 et
925 1582 977 1628 an
994 1565 1044 1628 sit
1060 1568 1159 1631 neri·
1185 1533 1187 1542 ,

143 1671 330 1742 simileid
352 1673 448 1768 fieri
467 1693 601 1768 posse,
622 1692 741 1768 porro
775 1682 980 1770 qaoestione
1005 1676 1160 1776 dignum

147 1795 230 1860 erit.
249 1789 405 1860 Cavebis
425 1791 560 1886 igitur,
599 1811 646 1858 ne
674 1789 886 1882 Ballonium
919 1795 1021 1890 inter
1047 1796 1163 1892 hujus

147 1907 390 2003 apostematis
409 1907 671 1977 observatores
680 1930 826 2002 ponas,
847 1911 914 2005 qui
932 1914 1032 1983 inter
1041 1915 1159 2011 expli-

117 2100 122 2115 Ι
149 2040 297 2095 catores
316 2023 518 2122 ponendus
535 2038 610 2111 est,
634 2037 827 2094 utcontra
848 2049 868 2096 a
886 2027 1053 2123 quodam
1080 2055 1160 2101 non

149 2143 253 2212 inter
269 2143 533 2240 explicatores,
560 2141 624 2212 sed
651 2143 750 2211 inter
778 2143 1039 2218 observatores
1066 2146 1161 2221 refe-

148 2259 263 2330 rendi
281 2274 389 2330 erant
413 2259 612 2346 nonnulli,
649 2260 714 2355 qni
747 2259 1024 2335 observationis
1049 2281 1161 2338 testes

150 2376 334 2448 duntaxat
358 2373 523 2446 fuerunt.
552 2375 623 2446 Sed
648 2377 770 2447 multo
798 2382 915 2476 magis
943 2379 1109 2470 cavebis,
1132 2387 1163 2454 si

154 2492 254 2566 forte
279 2515 360 2565 rern
380 2495 566 2592 explicare
588 2493 717 2583 aveas,
744 2514 792 2566 ne
812 2518 931 2594 ponas
950 2499 1160 2598 quidquam

153 2639 245 2686 eum
264 2613 593 2687 observationibus
613 2639 693 2706 non
720 2617 980 2703 consentiens,
998 2621 1105 2715 quasi
1122 2621 1162 2689 in

150 2731 366 2831 plerisque,
392 2747 456 2804 aut
483 2730 559 2803 fere
579 2750 758 2833 semper,
776 2747 860 2814 aut,
886 2734 988 2832 quod
1018 2751 1162 2833 ponere

151 2847 352 2920 Barbettus
371 2848 425 2946 (a)
444 2873 524 2919 non
544 2845 708 2936 dubitat,
734 2853 774 2921 in
790 2851 912 2922 solum
928 2853 1083 2952 hepare
1100 2876 1161 2925 ca*

152 2964 233 3064 pite
247 2987 318 3064 pus
333 2963 612 3038 transferretur.
638 2967 772 3040 Vidisti
789 2971 891 3040 enirn
909 2972 976 3066 qni
990 2971 1100 3042 etiarn
1121 2973 1165 3042 in-

153 3107 241 3171 cur,
261 3081 625 3182 pulmones,lienern
637 3087 857 3157 translatum
875 3089 1160 3184 conspexerintt

155 3201 262 3300 quod
277 3203 457 3274 ultimum
475 3205 599 3274 viscus
626 3203 738 3274 scribi
764 3203 810 3272 ab
841 3201 906 3274 illo
925 3206 1061 3292 miror,
1083 3229 1162 3275 non

155 3319 245 3390 dico
263 3322 303 3389 in
320 3318 380 3391 his
401 3319 571 3404 casibus,
598 3320 721 3391 sedin
743 3321 960 3390 universum
979 3325 1165 3394 rarissime

154 3443 196 3508 in
212 3435 455 3510 cadaveribus
467 3438 567 3509 mala
582 3444 818 3508 constitutum
834 3437 1079 3535 deprehendi.
1099 3437 1165 3512 Ve-

155 3580 245 3626 rum
264 3554 312 3625 ad
341 3553 419 3626 haeo
451 3581 545 3654 saepe
570 3558 670 3656 cogit
696 3557 817 3652 major
845 3557 885 3626 in
912 3557 1165 3654 explicandis,
1225 3541 1254 3626 ⁸.

156 3698 274 3772 quam
302 3674 341 3742 in
364 3673 608 3746 observandis
636 3673 862 3774 quibusdam
891 3675 1005 3746 rebus
1026 3675 1164 3746 sollici·

202 3955 246 4035 r)
267 3959 282 4025 t
304 3963 332 4024 i·
870 3919 871 3922 Ὺ
949 3965 951 3970 ·
1034 3985 1038 4002 ·
1168 3963 1171 4014 ¹

201 4051 245 4134 (α)
268 4056 367 4112 scia.
385 4057 424 4112 ad
441 4056 499 4126 ss.
1126 4071 1131 4080 ·

405 4355 424 4405 t
