2854 4660
201 427 269 476 nra.
281 427 330 474 vi.
349 427 396 474 nn
409 421 755 486 normannicum,
774 413 841 470 etc.
856 423 967 472 arrsr.
985 428 1032 473 cr.
1062 403 1128 478 351

120 545 249 618 lanam
268 541 465 615 continere
481 539 684 637 potuisset:
703 565 746 614 ex
767 565 865 634 quo,
890 539 981 610 dum
1002 568 1044 612 ea
1064 570 1138 616 me-

121 665 219 736 ninx
234 687 254 732 a
269 657 428 732 cerebro
449 656 712 744 divelleretur,
738 681 811 755 pus
831 681 1015 745 crassum,
1032 677 1067 732 et
1084 663 1138 732 vi·
1226 721 1230 736 „

121 781 207 854 ride
234 778 386 878 prodiit.
404 781 446 847 ln
471 773 617 848 cerebri
651 774 876 860 dissectione
905 776 1050 860 serum,
1073 778 1141 851 sed

123 922 309 998 paucum,
331 897 372 965 in
385 895 503 970 cranii
528 892 608 964 basi
626 891 929 994 animadversum
952 909 1015 966 est.
1039 895 1156 968 Tho-¹

127 1042 216 1090 race
236 1029 386 1113 apert0,
418 1012 621 1111 pulmones
641 1013 786 1083 inventi
806 1028 900 1086 sunt-
914 997 1043 1114 parvis
1061 1014 1141 1086 abs·

129 1133 296 1208 cessibus
313 1130 459 1217 multu,
478 1153 520 1200 ac
536 1131 649 1202 variis
667 1132 849 1228 excavati:
869 1157 1035 1228 quorum
1047 1158 1140 1204 uon-

125 1251 265 1324 nullia
292 1249 481 1322 tuberculi
507 1263 642 1321 natura
672 1245 719 1318 ad
738 1246 930 1322 abscessus
958 1250 1142 1322 conditio-

130 1394 220 1444 nem
239 1381 455 1465 vergentcs,
474 1365 645 1440 nondum
665 1362 870 1463 perfectam
893 1368 1140 1440 continebant
1192 1407 1198 1414 ·

129 1488 291 1572 saniem,
323 1485 388 1560 sed
412 1483 594 1556 duntaxat
614 1485 752 1558 mutari
784 1485 822 1554 in
841 1483 996 1558 fluidam
1021 1489 1141 1560 sanio-

129 1631 208 1680 sam
229 1606 423 1680 materiam
445 1601 688 1700 incipiebant.
711 1603 967 1676 Perieardium
983 1605 1141 1676 multam

129 1747 291 1820 aquam3
306 1745 372 1794 cor
386 1719 759 1820 uullampolyposam
775 1725 1057 1796 concretionem
1078 1724 1142 1795 ha·

129 1840 256 1914 bebai.
281 1839 479 1934 Inquirere
497 1837 649 1910 tandem
669 1836 831 1934 placuit,
845 1866 935 1910 num
952 1841 1143 1938 adingens

131 1981 267 2030 cavum
278 1955 472 2028 abscessus
485 1955 583 2028 illius
598 1955 665 2051 qui
679 1956 717 2026 in
731 1954 845 2028 dorso
855 1972 949 2044 erat,
964 1959 1062 2028 ullus
1076 1983 1144 2054 per

133 2074 394 2148 musculorum
413 2074 612 2146 interstitia
630 2088 777 2172 pateret
789 2073 929 2161 aditus,
948 2099 1016 2172 per
1029 2099 1144 2171 quem

133 2194 290 2286 materia
313 2216 333 2262 a
354 2194 474 2290 eapite
493 2190 583 2262 illuc
605 2189 777 2264 defluere,
791 2193 983 2288 potuisset.
1003 2196 1145 2264 Verum

133 2311 251 2406 hujus
265 2311 320 2382 rei
333 2307 517 2386 indicium
532 2305 679 2378 nullum
698 2323 892 2406 repertum
909 2323 982 2397 est,
997 2332 1084 2380 eum
1097 2310 1148 2380 in-

133 2429 324 2526 terpositae
338 2442 484 2526 partes,
498 2441 659 2508 externae
668 2411 889 2524 praesertim,
902 2451 998 2498 sanae
1012 2443 1146 2500 essent.

133 2547 298 2622 Museuli
321 2562 453 2626 ,autem
478 2553 615 2644 passim
634 2547 673 2616 in
695 2545 769 2620 hoc
794 2545 973 2617 cadavere
998 2547 1146 2645 pallidi,
1240 2585 1243 2592 ·

133 2683 171 2750 et
189 2666 257 2764 qui
275 2663 490 2736 abdominis
501 2680 700 2753 vocantur,
715 2662 819 2736 lividi
836 2678 953 2734 erant.

188 2809 244 2856 20.
261 2784 352 2854 Viro
367 2805 487 2860 annos
502 2796 592 2854 nato
608 2781 1049 2880 quinquaginta,baculo
1062 2809 1150 2880 pars

133 2901 319 3000 sincipitis
336 2900 486 2974 sinistra
504 2900 736 2997 percutitur,
756 2900 864 2973 nullo
893 2901 1032 2972 vulnus
1056 2925 1148 2972 con·-

137 3032 321 3116 sequente
341 3031 603 3115 symptomata.
626 3019 739 3089 Venit
757 3042 826 3114 per
852 3042 889 3088 se
917 3017 965 3087 ad
990 3041 1151 3090 nosoco-

137 3139 279 3208 mium:
300 3134 368 3206 ubi
385 3134 547 3232 aperitis
560 3132 746 3231 chirurgis
766 3134 868 3208 nulla
886 3158 988 3222 esse,
1006 3135 1152 3207 nisiex·
1251 3221 1254 3228 k

138 3271 248 3326 terna
262 3307 271 3341 ‚
284 3252 385 3324 loesio
402 3265 597 3324 censetur:
624 3249 858 3347 feliciterque
882 3265 1001 3348 usque
1023 3251 1070 3321 ad
1090 3252 1151 3325 de·

139 3374 285 3446 cimum
300 3385 478 3468 quartum
501 3369 625 3456 diem,
647 3393 695 3440 ne
715 3393 793 3442 uno
814 3367 974 3464 quidem
998 3393 1036 3440 se
1065 3395 1154 3468 pro·

138 3489 255 3563 dente
272 3503 542 3585 symptomate‚
562 3485 734 3588 procedit
745 3487 900 3559 curatio.
914 3485 988 3558 Sed
1008 3512 1055 3558 eo
1070 3491 1152 3587 ipso

139 3607 203 3681 die
218 3604 333 3680 febris
348 3606 492 3678 invadit
512 3631 599 3678 cum
618 3607 823 3704 rigore‚et
845 3605 891 3677 ad
905 3623 1075 3678 ventrem
1091 3607 1155 3680 do·

140 3728 234 3796 lore.
265 3729 357 3794 Item
383 3723 702 3822 insequentitibus
729 3723 862 3796 diebus
897 3726 1153 3822 respirationis

141 3839 347 3914 difficultas
367 3841 512 3914 accedit
532 3866 619 3913 curn
637 3867 749 3914 sensu
767 3840 963 3940 ponderiS,
981 3844 1093 3932 tussi,
1117 3860 1154 3916 et

141 3959 348 4059 purulenta
376 3961 623 4031 excreatione.
637 3965 741 4032 Mors
758 3959 921 4056 denique
939 3945 1038 4030 circa
1054 3962 1155 4060 vige·
