2812 4656
269 419 341 492 280
373 453 378 460 ·
434 441 485 488 nu·
507 437 653 487 srnrrns
677 438 722 486 rr
747 434 872 486 causis
897 435 1110 486 nonnosum
1142 447 1147 458 ·

267 557 412 630 culum
427 553 701 652 prominentia,
728 548 893 648 quorum
915 567 1037 650 cystes
1067 553 1171 624 inter
1202 575 1283 624 cars

258 697 389 761 neam,
408 672 706 768 interioremque
725 669 893 740 tunicam
926 683 1045 740 erant.
1083 668 1164 741 Sub
1202 670 1283 768 ipsa

257 799 384 862 autern
413 790 551 860 extima
581 785 810 886 pulmonum
846 784 1069 858 membrana
1108 787 1282 884 quodam

258 908 345 980 loco
359 898 609 980 animadverti
622 905 731 1002 quasi
744 904 901 1002 granula
914 903 991 976 huc
1003 904 1099 976 illuc
1121 903 1283 1002 disjecta

257 1039 426 1098 tartareae
452 1020 649 1119 cujusdam
672 1021 846 1094 materiae.
881 1023 981 1112 Quee'
1001 1045 1073 1094 cur
1102 1021 1169 1096 hic
1201 1049 1282 1093 non

260 1139 470 1214 omittenda
486 1137 713 1212 crediderim
729 1139 937 1227 ,continuo
947 1137 1082 1210 dicam.

309 1266 367 1350 44.
387 1263 484 1332 Cum
501 1257 603 1329 enim
620 1257 660 1326 in
672 1255 805 1330 eadem
825 1281 918 1330 cane
935 1273 1074 1356 praeter
1093 1281 1282 1356 magnum

259 1377 363 1448 renis
381 1375 535 1447 alterius
551 1374 705 1463 vitium,
726 1374 892 1448 calculos
910 1375 950 1446 in
961 1390 1149 1473 utroque,
1169 1377 1285 1448 sicuti

259 1493 378 1593 paulo
397 1491 879 1582 antecommemorabam,
906 1493 1142 1582 invenerim;
1162 1507 1284 1566 mate·
1331 1524 1333 1532 ¹

159 1685 160 1690 ,
260 1615 356 1685 riam
366 1610 524 1696 istamin
539 1609 789 1708 pulmonibus
801 1635 957 1710 quoque
968 1611 1284 1707 jamtartaream‚

267 1731 362 1804 etin
380 1728 595 1804 ventriculo
624 1729 767 1827 pariter
793 1725 950 1824 fortasse
972 1725 1163 1820 futuram,
1188 1729 1283 1800 mihi

268 1845 579 1922 dissimulandam
596 1871 677 1918 non
696 1848 849 1946 putavi:
869 1861 913 1918 ut
930 1847 961 1949 si
980 1849 1164 1947 suspicari
1185 1846 1283 1920 forte

263 1967 376 2056 velis,
393 1965 490 2041 illud
508 1990 664 2064 quoque
679 1964 750 2036 sub
764 1964 902 2064 papilla
921 1987 1061 2064 corpus
1085 1989 1131 2036 ex
1146 1965 1281 2038 eadem

263 2085 410 2184 potius,
430 2081 798 2183 quippeabundantc
812 2081 907 2156 adeo
919 2083 958 2154 in
971 2107 1014 2156 ea
1029 2107 1145 2173 caue,
1163 2107 1280 2182 quam

265 2229 311 2276 ex
334 2227 440 2276 ossea
464 2199 578 2276 fuisse
602 2202 759 2273 materia
774 2227 798 2290 3¹
811 2225 881 2298 per
897 2225 958 2272 me
987 2203 1130 2300 possis:
1157 2227 1281 2300 quan-

266 2346 379 2419 quam
394 2345 520 2417 neque
539 2321 579 2390 in
598 2343 712 2408 cane,
735 2343 860 2415 neque
877 2319 917 2390 in
937 2319 1125 2392 monacha
1142 2320 1208 2392 illa
1227 2321 1281 2419 (ι)

269 2438 364 2508 mihi
376 2453 536 2510 tartarea
543 2439 620 2510 visa
633 2451 704 2525 est,
718 2451 911 2535 exstatque
920 2437 961 2506 in
975 2437 1279 2537 Se'pulchreto(2)

264 2556 418 2628 alterius
436 2553 630 2626 monachae
650 2555 882 2653 exemplum,
907 2555 947 2624 in
975 2580 1052 2652 qua
1074 2581 1281 2644 mammae,

266 2687 450 2771 quantum
463 2695 539 2742 una
554 2695 683 2750 earum
694 2671 878 2760 ostendit,
893 2685 979 2746 cute
996 2689 1175 2773 excepta,
1189 2690 1281 2746 totae

268 2812 387 2864 οεεειε,
399 2804 555 2888 repertae
577 2799 689 2861 sunt.'
702 2791 889 2880 Quoniam
907 2805 1033 2862 tamen
1050 2791 1110 2864 vel
1123 2792 1166 2862 in
1187 2793 1279 2891 ipsis

269 2907 416 2980 arteriis
434 2922 721 2978 controversum
744 2921 819 2995 est,
838 2921 879 2978 ut
905 2906 986 2980 aliis
1013 2907 1060 2978 ad
1094 2923 1132 2980 te
1159 2910 1278 2982 Litte-

267 3024 319 3096 ris
336 3021 394 3122 (3)
410 3021 721 3109 memoravimus,
739 3022 844 3120 quod
860 3047 1010 3098 osseum
1029 3025 1200 3116 videtur,
1225 3051 1280 3098 re-

268 3166 411 3214 verane
421 3165 570 3228 osseum
588 3141 652 3226 sit,
680 3163 728 3210 an
743 3155 972 3230 tartareum,
984 3167 1110 3240 neque
1130 3144 1171 3214 in
1191 3169 1281 3243 pro-

268 3261 400 3358 positis
422 3257 569 3345 casibus
595 3258 766 3328 examina
786 3258 850 3330 illa
871 3260 1040 3331 instituta
1068 3277 1179 3351 sunt,
1198 3287 1277 3360 qua

269 3379 321 3449 sic
339 3376 425 3450 satis
443 3375 670 3464 indicarent,
690 3391 777 3446 utro
795 3377 912 3448 modo
934 3380 974 3448 in
998 3379 1082 3451 istis
1106 3385 1277 3454 mammis

267 3517 329 3565 res
359 3518 397 3566 se
429 3491 611 3582 haheret3
637 3493 756 3592 ipsam
782 3495 822 3564 in
855 3493 982 3566 medio
1018 3497 1275 3596 relinquemus

309 3785 353 3862 (1)
376 3785 489 3860 S'upra,
505 3803 536 3839 n.
549 3789 596 3849 41.

218 3933 223 3940 .
273 3909 276 3917 s
306 3884 350 3963 (a)
372 3889 404 3942 L.
422 3886 454 3956 3,
473 3905 497 3942 s.
511 3903 562 3954 ar,
577 3883 609 3938 in
623 3882 765 3941 additam.
782 3886 847 3944 obs.
863 3885 912 3944 61.

305 3983 349 4064 (3)
370 3984 464 4064 Epist.
478 4003 529 4056 27,
540 4001 571 4042 n.
587 3994 668 4042 aoet
679 4001 741 4063 seq.
