2854 4660
294 457 365 534 356
452 479 499 526 on
525 474 671 524 sumnus
695 475 740 523 m
765 473 890 522 csusrs
915 473 1125 524 nonnonuu

291 593 395 668 tudo.
405 595 491 684 Quo
503 590 621 687 magis
639 589 738 663 inter
752 589 894 684 eosqui
907 585 1023 660 dehis
1037 604 1170 686 postea
1185 593 1300 690 scrip-

290 726 435 803 serunt,
453 705 663 780 laudandus
681 721 736 778 est
753 705 797 776 cl.
811 705 1132 804 Molincllius(r),
1153 711 1243 805 qui,
1261 725 1302 782 ut

288 856 357 931 par
376 844 449 914 est,
479 851 560 898 rem
581 823 652 897 sibi
671 825 778 921 prius
797 838 971 896 accurate
1003 823 1301 915 observandam,

289 973 402 1047 quam
426 942 686 1043 explicandam
709 943 789 1014 e‘sse
809 943 976 1014 censuit:
999 942 1168 1040 viditque
1186 947 1300 1016 inter-

290 1065 379 1140 dum
397 1061 612 1162 pusinalias
623 1059 777 1158 quidem
792 1074 936 1158 partes,
954 1059 1021 1132 sed
1033 1084 1112 1131 non
1122 1062 1298 1158 injecur3

287 1185 328 1254 in
345 1207 424 1252 non
440 1181 569 1278 paucis
581 1193 707 1249 autem
722 1201 847 1274 neque
860 1177 899 1246 in
910 1175 1003 1264 hoc,
1021 1201 1147 1275 neque
1159 1181 1204 1250 in
1220 1179 1302 1252 illas

286 1298 530 1384 translatum
548 1297 588 1364 in
605 1295 685 1365 aliis
695 1317 785 1365 vero
799 1295 837 1364 in
851 1295 959 1390 jecur
968 1295 1121 1392 utique,
1141 1294 1300 1367 sednon

288 1439 433 1490 secuse
453 1413 679 1500 vulneratis,
704 1425 768 1484 aut
787 1411 1009 1484 exulceratis
1028 1413 1109 1483 aliis
1126 1413 1300 1510 partibus

287 1557 402 1634 quam
432 1556 453 1602 a
475 1531 605 1628 capite.
633 1533 664 1600 A
685 1553 764 1626 quo
793 1544 835 1600 ut
858 1531 974 1627 magis
997 1529 1188 1628 intelligas
1221 1558 1300 1604 non

287 1673 383 1748 saepe
402 1647 497 1720 adeo
516 1649 556 1717 in
569 1649 680 1744 jecur
695 1647 868 1735 traduci;
898 1647 949 1720 sic
970 1645 1109 1720 habeto
1133 1649 1299 1722 necdum

286 1765 465 1840 accidisse
485 1763 601 1854 mihi,
632 1763 737 1862 quod
770 1765 1031 1853 meminerim,
1056 1765 1099 1836 ut
1129 1765 1170 1836 id
1202 1767 1302 1840 vide·

285 1911 386 1974 rem;
405 1883 582 1958 Valsalvae
613 1899 739 1958 autem
763 1885 801 1956 in
830 1899 887 1956 tot
916 1884 1210 1964 dissectionibus
1238 1892 1299 1960 vix

288 2003 422 2092 semel,
455 2002 570 2101 idque
592 2029 679 2076 cum
697 2003 737 2074 in
758 2002 959 2100 pulmones
979 2025 1157 2101 quoque,
1177 2007 1298 2104 pluri-

286 2147 468 2220 mumque
486 2121 525 2192 in
546 2123 644 2218 ipsas
671 2119 837 2192 thoracis
865 2143 995 2194 caveas
1021 2135 1117 2193 esset
1139 2125 1298 2196 transla-

285 2253 378 2313 tum.
399 2239 495 2310 Fieri
514 2253 641 2308 tamen
660 2251 801 2335 potest,
817 2252 860 2308 ut
884 2236 1089 2335 aliquando
1107 2240 1198 2312 ideo
1219 2267 1296 2313 non

285 2356 442 2444 viderit,
458 2354 563 2454 quod
587 2361 666 2436 non
682 2355 915 2453 quaesiverit,
939 2369 977 2426 et
1001 2357 1232 2430 nominatim
1258 2361 1296 2432 in

260 2560 265 2566 Ι
286 2498 331 2544 eo
347 2470 649 2568 adolescente(a)
664 2474 773 2568 eujus
783 2469 896 2543 facies
913 2487 999 2544 ante
1017 2489 1183 2546 mortem
1203 2475 1297 2550 facta

285 2605 366 2664 erat
382 2587 492 2676 flava,
522 2589 680 2662 cadaver
698 2603 823 2660 autem
842 2587 1062 2662 universum
1082 2591 1229 2666 icterici
1247 2598 1297 2666 vi·

287 2706 470 2792 debatur3
492 2731 579 2777 nam
601 2707 696 2778 etin
725 2706 972 2805 Sepulchreto
999 2707 1054 2806 (3)
1082 2713 1295 2810 exemplum

285 2823 403 2896 habes
424 2822 549 2894 morbi
563 2824 657 2921 regii
676 2847 764 2895 cum
781 2823 938 2914 duritie,
959 2841 996 2897 et
1016 2824 1152 2898 dolore
1172 2829 1215 2899 in
1237 2855 1294 2903 re·

286 2945 398 3044 gione
416 2941 582 3040 hepatis,
603 2941 792 3040 hujusque
809 2942 1028 3041 putredine,
1059 2947 1194 3043 capitis
1214 2949 1296 3021 vul-

285 3085 357 3134 nus
377 3061 579 3132 consecuti.
602 3059 674 3132 Sed
692 3059 742 3130 ob
759 3085 841 3132 eam
857 3061 975 3159 ipsam
996 3087 1111 3160 quam
1124 3064 1294 3138 Valsalva

285 3174 799 3265 animadvertit,flavedinem
808 3231 818 3265 ,
834 3203 914 3249 non
929 3177 1035 3251 facile
1053 3181 1202 3254 creditu
1218 3199 1291 3272 est,

285 3295 480 3392 quomodo
495 3295 603 3391 jecur
629 3317 667 3365 se
693 3293 865 3384 haberet,
893 3320 973 3368 non
997 3263 1236 3394 quaelivisse:
1257 3317 1292 3374 et

283 3413 432 3484 tametsi
445 3413 485 3482 in
500 3412 545 3482 iis
564 3413 769 3510 praesertim
787 3412 925 3510 quibus
944 3415 1034 3503 ista,
1051 3414 1200 3512 aliaque
1218 3419 1290 3492 laesi

324 3724 366 3806 (1)
388 3728 553 3788 comment.
573 3729 611 3788 de
631 3731 746 3790 Bouon.
767 3734 816 3792 Sc.
840 3735 913 3792 Inst.
937 3744 1010 3792 tom.
1033 3751 1068 3808 n,
1090 3754 1121 3814 p.
1151 3755 1185 3808 r,
1213 3735 1289 3792 inter

284 3829 407 3886 medica.

321 3926 364 4005 (a)
387 3929 484 4002 Supra
494 3947 525 3984 n.
541 3934 587 3996 14.

253 4083 258 4093 ,
320 4027 365 4107 (3)
385 4028 457 4085 Obs-
478 4028 527 4102 16,
546 4025 604 4099 55.
