2812 4656
157 461 227 510 Lts.
240 457 290 505 Ν.
303 459 349 506 DE
360 457 496 541 MORBiss
504 457 684 506 efflantes.
694 487 704 522 ,
716 449 785 506 810·
797 459 909 508 zrtsr.
920 461 1018 508 xtlx.
1051 463 1120 537 199

108 572 284 661 modum,
302 571 560 669 neque'calor
585 570 816 669 sequebatur
841 570 992 646 febrilis.
1017 579 1119 667 Quin

108 690 272 791 pedibus
287 704 366 782 erat
384 688 532 779 assidue
552 686 717 788 frigidis,
748 705 785 761 et
801 713 894 789 saepe
924 692 1004 766 aliis
1024 719 1121 792 quo·
1156 755 1159 760 .

108 831 186 908 que
199 861 210 890 ,
225 807 291 880 sed
310 805 611 896 incertis,‘horis
628 804 735 878 brevi
755 804 915 906 frigore,
933 823 1122 902 tremore,

109 943 146 1000 et
172 925 304 1024 pulsus
332 924 599 1004 obscuratione
633 911 922 1023 corripiebatur.
951 932 1046 999 Cum
1068 930 1123 999 vi-

109 1043 205 1143 ginti
216 1045 293 1139 jam
310 1042 391 1114 dies
407 1065 466 1116 res
483 1042 530 1118 ad
548 1041 652 1114 hunc
674 1043 832 1115 modurn
852 1068 891 1116 se
915 1043 1122 1137 haberent,
1197 1062 1198 1066 ’

109 1154 201 1234 dato
214 1161 353 1234 cortice
369 1163 601 1251 Peruvtano,
631 1161 745 1259 primi
774 1161 946 1235 omnium
972 1163 1122 1238 erratici

108 1279 163 1352 illi
181 1280 327 1378 rigores
340 1278 485 1369 abiere,
504 1281 688 1380 periodici
701 1295 828 1354 autem
844 1282 1039 1370 remisere,
1053 1281 1121 1353 de-

109 1421 216 1469 mum
238 1397 278 1468 hi
296 1404 450 1496 quoquc
461 1396 538 1470 fine
554 1397 744 1470 redeundi
759 1395 873 1488 facto,
889 1401 1122 1474 incolumem

107 1514 289 1590 feminam
307 1517 506 1614 reliquere.
531 1515 604 1592 Sed
621 1515 663 1588 hi
678 1515 725 1590 ad
744 1513 880 1588 febrim
900 1520 957 1590 sui
973 1519 1122 1616 generis

110 1649 283 1733 spectare
296 1633 391 1704 mibi
403 1633 558 1732 quidem
573 1621 661 1706 sunt
675 1634 754 1706 visi.
783 1635 981 1708 Tremores
995 1649 1122 1710 autem

107 1753 220 1840 alios,
239 1735 430 1823 febrilium
447 1751 603 1851 quidem
615 1751 842 1840 simillimos,
854 1752 919 1826 sed
930 1777 1016 1828 cum
1031 1777 1122 1828 vero

110 1867 254 1970 frigore
274 1893 357 1943 non
369 1866 773 1967 conjsmetos,nedum
785 1871 911 1943 calore
932 1857 1138 1945 nutto'ex--
1185 1888 1186 1892 ’
1226 1871 1229 1884 ’

107 2003 260 2087 ceptos,
277 2009 374 2086 quos
385 2009 475 2064 mese
485 1989 645 2066 civitatis
654 1987 859 2086 ‚patricium
874 1991 997 2060 virum
1017 1991 1124 2062 alter·

109 2107 170 2180 nis
189 2103 366 2178 noctibus
383 2106 585 2192 inuasisse,
618 2107 719 2194 scio,
748 2104 823 2176 alio
842 2105 975 2191 retuli,
1001 2107 1123 2203 ipsos·

109 2247 185 2321 que
203 2223 331 2298 multis
352 2227 487 2322 sponte
507 2224 646 2311 urinis,
676 2222 878 2320 multisque
895 2221 992 2295 lenis
1013 2223 1123 2322 phar·

108 2343 208 2413 maci
224 2341 364 2414 auxilio
390 2363 459 2440 per
474 2341 599 2414 alvum
620 2319 747 2442 ejectis
768 2341 937 2443 sublatos
949 2341 1026 2414 vidi
1042 2344 1121 2416 sine

107 2459 176 2532 illo
201 2460 360 2532 cortice:
382 2457 600 2558 quanquam
618 2459 848 2558 ⁸periodicos
868 2459 1053 2558 quosdam
1072 2457 1124 2532 af«

108 2575 252 2666 fectus,
279 2577 356 2648 sive
374 2575 524 2650 febriles
547 2578 573 2648 ii
591 2578 683 2667 sint,
710 2579 771 2650 vel
792 2577 935 2676 absque
957 2603 1002 2653 eo
1026 2598 1122 2678 saepe
1206 2659 1208 2662 ,

90 2695 232 2793 abigi,
252 2717 366 2768 nemo
386 2697 559 2794 ignorat,
579 2697 654 2769 sive
667 2721 748 2768 non
760 2698 858 2785 sint,
878 2721 923 2768 eo
942 2721 1124 2770 nonnun-

110 2837 227 2914 quam
242 2813 469 2911 pervinoi,a
488 2814 664 2913 pluribus
681 2813 901 2890 adnotatum
918 2829 983 2886 est.
1040 2847 1043 2854 f

161 2931 220 3004 30.
243 2933 362 3028 Cujus
384 2933 422 3002 vi
448 2934 600 3006 corticis
616 2933 706 3030 (ubi
732 2955 959 3030 perpaucas,
988 2935 1027 3003 in
1045 2933 1125 3030 qui·

110 3049 184 3125 bus
204 3049 328 3122 miuus
345 3049 576 3148 respondere
604 3053 706 3124 visus
728 3065 802 3139 est,
836 3035 1124 3122 constitutiones

112 3147 291 3267 excipies)
309 3166 633 3266 longecertius,si
652 3167 809 3266 quidem
822 3191 867 3238 eo
881 3191 958 3264 quo
976 3191 1044 3266 par
1056 3181 1125 3258 est,

113 3297 151 3356 et
165 3298 355 3384 tempore,
378 3300 417 3358 et
435 3284 607 3384 pondere
626 3301 815 3373 sumatur,
847 3282 970 3357 febres
999 3281 1126 3383 profli-

117 3405 198 3502 gari
227 3403 458 3503 periodicas,
492 3405 569 3476 sive
595 3403 667 3474 illae
696 3405 968 3489 intermittant,
986 3403 1062 3474 sive
1083 3427 1130 3474 ex

113 3519 475 3612 intermittentibus,
502 3522 580 3619 jam
614 3523 688 3594 siut
711 3518 814 3592 factae
850 3520 1029 3608 assiduae,
1053 3522 1129 3592 sive

111 3637 310 3740 benignae,
328 3641 410 3714 -sire
426 3640 596 3737 malignae
614 3641 708 3727 sint,
728 3654 764 3710 et
778 3639 1012 3736 perniciosae,
1027 3661 1130 3710 nuuc

115 3753 236 3828 ferme
271 3757 371 3828 inter
395 3780 528 3828 omnes
552 3774 725 3828 constare
754 3756 941 3843 arbitror,
977 3755 1130 3854 quaudo

116 3874 179 3945 vel
210 3873 397 3972 quosdam
436 3889 624 3948 nostrates
661 3875 852 3962 medicos,
887 3897 985 3970 quos
1019 3873 1133 3944 timor

116 3991 229 4082 olim,
247 4007 285 4064 et
300 3992 484 4066 aversatio
503 3993 633 4066 nescio
652 4017 734 4092 quae
752 4016 773 4066 a
790 3991 940 4065 corticis
958 4013 1030 4068 usu
1046 3988 1134 4061 abs-2
