2816 5282
274 389 345 476 554
438 414 484 462 us
511 411 727 462 senneser
753 411 878 462 causis
904 413 1116 464 κοιιιοιιιιι

204 611 207 617 ,
270 525 520 601 defectionem
541 528 740 625 exceperit.
748 531 931 602 Ceterum
951 529 1010 600 vel
1024 527 1194 604 sinehac
1212 527 1291 602 tor·

270 661 365 718 tasse
382 642 585 730 effusione,
604 647 703 720 intra
718 644 834 720 breve
850 637 1001 744 tempus
1018 671 1084 718 eos
1105 662 1151 720 ut
1165 648 1291 745 pluri-

270 787 374 836 mum
393 765 492 836 mori
505 763 646 860 quibus
662 763 863 839 ventriculi
879 764 984 838 nulla
999 767 1112 838 etiarn
1134 788 1227 862 pars
1245 766 1293 840 sit

269 896 406 980 praeter
441 879 604 956 fundum
640 883 823 968 sauciata,
849 906 936 960 curu
972 881 1148 958 indicant
1180 885 1293 958 nervi

271 998 432 1095 quibus,
450 1024 521 1072 nec
536 999 684 1098 paucis,
704 1023 831 1096 neque
851 1024 928 1074 uua
952 997 1001 1074 ab
1020 1000 1172 1097 origine
1195 1025 1295 1100 pru-¹

270 1117 530 1205 venientibus,
555 1115 696 1190 fundus
717 1117 939 1206 instruitur,
955 1131 1038 1190 tum
1066 1117 1289 1194 luculenter

271 1235 553 1308 observationes
575 1232 818 1322 confirmant,
838 1235 1030 1310 illa-etiarn
1049 1261 1135 1333 quae
1168 1235 1290 1308 modo

271 1379 317 1428 ex
332 1353 580 1451 Sepulchreto
594 1368 889 1426 commemorata
906 1367 981 1440 est,
992 1351 1044 1424 ob
1057 1353 1288 1448 adjunctum

270 1471 436 1542 thoracis
453 1470 593 1542 vulnus
607 1471 791 1569 seposita,
818 1470 941 1544 eidem
961 1469 1142 1544 videlicet
1161 1473 1288 1568 proxi·

271 1586 429 1684 ma(1),
455 1603 492 1662 et
511 1588 613 1678 aliae,
642 1611 725 1685 quae
751 1603 885 1685 praeter
911 1587 980 1660 has
1003 1614 1024 1660 a
1053 1588 1207 1660 Bohuio
1229 1588 1284 1685 (a)

269 1705 593 1805 proferuntur‚ad
612 1706 903 1804 Sepulebretum
918 1706 1111 1780 addendae.
1133 1709 1214 1799 Qui
1228 1723 1285 1782 ta-

271 1826 399 1914 metsi,
419 1839 470 1898 ut*
485 1823 699 1898 Ettmulleri
717 1849 872 1922 quoque
892 1822 994 1898 filius
1011 1824 1084 1922 (3),
1109 1840 1288 1900 recenset
1387 1827 1388 1854 ¹

272 1967 402 2018 causas
426 1941 477 2016 ob
501 1966 596 2040 quas
611 1967 888 2040 nonnunquam
909 1942 1125 2016 ventriculo
1140 1942 1289 2018 inflicta
1387 1955 1388 1978 *

270 2062 426 2134 vulnera
444 2060 593 2134 lethalia
607 2085 686 2134 uon
714 2058 883 2148 fueriut3
911 2075 1048 2136 neuter
1071 2075 1204 2136 tamen
1229 2087 1288 2134 re·

272 2180 361 2251 ticet
389 2178 596 2252 contrarias
624 2201 771 2267 causas,
788 2177 893 2252 unde
914 2177 1089 2252 videlicet
1115 2179 1287 2276 plerum-

274 2321 349 2393 que
366 2319 490 2386 mors,
513 2311 576 2368 aut
594 2294 793 2368 fortunatae
810 2296 1019 2368 curationis
1034 2320 1177 2393 magna
1195 2321 1288 2395 saepe

250 2407 255 2416 ’
271 2413 472 2486 difficultas
490 2427 677 2510 sequatur.
696 2412 845 2488 videsis
861 2413 947 2502 tria,
967 2436 1051 2510 quae
1068 2414 1218 2510 pariter
1231 2419 1291 2486 Se·

270 2532 473 2630 pulchreto
496 2530 630 2619 addas,
649 2531 836 2606 vulnerati
862 2530 1065 2606 ventriculi
1093 2531 1287 2628 exempla,

273 2672 438 2746 quorum
462 2647 540 2720 duo
567 2673 612 2722 ex
631 2652 818 2746 Cowpero
839 2647 1011 2723 iudicant
1032 2649 1289 2746 Lipsiensium

229 2848 232 2852 ,
272 2772 362 2838 Acta
381 2763 623 2838 Eruditorurn
637 2766 719 2860 (Δ),
741 2768 895 2840 tertium
911 2765 1029 2844 habes
1041 2768 1082 2838 in
1100 2790 1291 2840 commer-

275 2885 334 2960 cio
352 2885 534 2956 litterario
545 2883 860 2983 Norimbergensi
873 2882 937 2982 (5).
953 2883 1068 2976 Quod
1079 2909 1174 2956 vero
1185 2899 1290 2958 tanta

271 3004 463 3102 sanguinis
475 3005 582 3102 copia
594 3002 728 3076 subtus
746 3000 1043 3092 effusa,tensum
1056 3017 1189 3076 umen
1211 3027 1289 3076 non

271 3121 367 3193 esset
387 3119 597 3209 abdomen,
615 3119 654 3192 id
681 3143 792 3192 ame
819 3143 977 3216 quoque
1002 3121 1042 3192 in
1059 3135 1210 3194 sartore
1238 3119 1290 3218 (6)

272 3237 493 3310 adnotatum
511 3235 623 3310 fuisse
645 3237 874 3311 memineris.

377 3583 422 3638 De
434 3597 558 3636 renunc.
573 3579 657 3636 tuln.
670 3597 694 3634 s.
711 3597 744 3650 a,
760 3598 787 3635 c.
803 3585 832 3644 4.

375 3684 411 3738 In
423 3698 605 3756 programm.
618 3679 669 3735 cit.
685 3680 725 3735 ad
737 3699 769 3734 n.
780 3680 835 3749 δι,
850 3679 943 3753 Epist.
957 3677 1005 3734 36.

376 3785 433 3838 An.
451 3779 542 3856 1699,
558 3800 599 3835 rn.
614 3778 689 3836 febr'.
704 3779 737 3835 in
749 3781 835 3835 relat.
849 3777 913 3851 ejus
928 3787 1008 3834 unat.
1021 3777 1064 3834 ad
1076 3778 1139 3834 tab.
1156 3778 1207 3835 35.

379 3885 415 3938 A.
433 3881 525 3952 1736,
540 3880 630 3936 hebd.
647 3879 701 3952 16,
719 3876 750 3936 u.
763 3885 790 3947 4.

380 3981 476 4058 Epist.
494 3979 531 4037 53
540 4021 549 4051 ,
563 3999 593 4035 n.
607 3986 657 4048 40.
