2828 4652
308 427 375 500 128
473 451 519 496 mc
545 446 691 496 sumnus
716 447 761 493 ur
786 444 911 494 cauus
937 439 1150 494 noerolium

302 587 419 660 usqne
433 558 629 636 simillimis
643 572 832 655 gerentem
856 556 924 654 (1).
942 557 1072 631 'Audit
1099 558 1170 630 alia
1187 557 1241 655 (2)
1260 557 1311 632 de

292 666 467 776 'puellula
494 678 602 773 cujus
635 675 787 748 dextera
818 690 953 772 praeter
978 675 1156 774 pollicem
1186 675 1313 774 digitis

303 795 481 867 omuibus
507 793 678 880 carebat,
707 817 873 890 quorum
896 792 1024 864 locum
1044 793 1226 865 tenebant
1241 813 1314 864 un·

225 930 227 938 ’
303 937 409 1012 gues,
433 913 506 1010 ipsi
529 925 745 1008 metacarpo
766 907 929 1008 prefixi3
954 909 1032 980 haec
1051 910 1117 980 dia
1132 910 1312 982 multam-

297 1041 374 1129 'qne
392 1054 521 1102 secum
539 1029 700 1127 cogitat,
720 1041 757 1098 et
772 1025 905 1098 foetum
917 1027 1018 1123 ejicit
1036 1029 1144 1122 cujus
1158 1028 1314 1100 dextera

302 1147 350 1218 ad
368 1145 544 1218 cumdem
563 1143 719 1215 modum
739 1168 778 1215 se
795 1143 920 1216 habet.
932 1147 1010 1216 Nec
1023 1144 1087 1215 illa
1096 1143 1156 1242 (3)
1167 1144 1314 1218 silenda

303 1279 359 1336 cst
387 1288 469 1360 quae
504 1261 673 1360 puellum
701 1261 850 1360 peperit
877 1261 958 1333 siue
982 1262 1133 1354 crauio,
1164 1261 1312 1334 cerebri

301 1381 430 1451 locum
449 1377 564 1450 rubra
593 1378 756 1476 quadam
785 1401 905 1450 massa
932 1394 1164 1477 occupante,
1201 1403 1312 1464 cum,

303 1512 548 1597 posteaquam
569 1495 683 1568 binos
702 1495 842 1568 liberos
863 1521 907 1568 ex
924 1495 1040 1580 undis
1063 1495 1205 1594 quibus
1221 1496 1313 1570 sub·

303 1616 417 1686 mersi
448 1615 689 1702 interierant,
718 1614 797 1685 sine
827 1614 981 1702 crauio,
1011 1629 1048 1687 et
1071 1613 1231 1686 cerebro
1254 1639 1315 1686 ex·

303 1747 442 1804 tractos
471 1729 582 1804 fuisse
606 1730 857 1818 intellexerat,
861 1733 955 1828 fixa
974 1748 1012 1803 et
1035 1738 1229 1831 pertinaci
1241 1733 1312 1806 ista

304 1855 594 1946 imaginatione,
619 1864 655 1920 et
658 1855 850 1946 praeteriti
870 1847 965 1920 mali
985 1829 1171 1950 perpetua
1199 1857 1313 1922 rumi-

303 1975 456 2038 natione
472 1992 510 2039 se
527 1969 646 2065 ipsam
664 1967 911 2038 cruciaverat:
930 1991 1054 2065 neque
1072 1967 1134 2038 illa
1150 1966 1206 2065 (4)
1227 1993 1311 2064 quae

304 2110 390 2156 cum
404 2085 569 2183 puellam
587 2087 696 2156 enixa
710 2099 820 2173 esset,
834 2083 1142 2182 hydrorachitide
1159 2088 1200 2156 iu
1213 2086 1313 2156 lum-

303 2203 362 2274 bis
372 2199 565 2290 affectam,
590 2201 794 2298 eademqne
810 2201 896 2272 idea
911 2207 1113 2300 saepissime
1129 2209 1311 2301 repetita,

304 2337 342 2392 et
354 2326 574 2392 resuscitata
590 2321 669 2414 ejus
691 2323 955 2416 imaginationi
979 2325 1154 2392 continuo
1177 2321 1311 2392 obver-

304 2454 469 2524 saretar;
490 2437 663 2534 proximo
674 2453 785 2534 partu
795 2437 949 2510 alteram
961 2437 1313 2535 puellaminlucem

304 2553 421 2628 edidit
437 2553 505 2624 illa
527 2553 659 2624 eadem
669 2579 828 2652 prorsas
846 2553 1088 2643 deformitate
1117 2554 1261 2626 eodem
1273 2561 1312 2626 in

305 2673 387 2744 loco
404 2727 414 2760 ,
434 2695 508 2769 qno
519 2677 651 2769 prior,
673 2671 933 2769 defiguratam.
953 2673 1127 2770 Denique
1143 2687 1210 2761 ,ut
1231 2673 1314 2744 aliis

305 2816 387 2890 quae
404 2789 566 2888 produci
587 2805 760 2886 possent,
785 2805 822 2860 et
849 2813 1012 2886 quorum
1033 2790 1223 2862 nonnulla
1239 2792 1314 2890 ipsi

199 2999 202 3004 ¹
303 2910 370 3007 qui
387 2909 658 3007 spectavimus,
677 2906 797 3004 probe
812 2909 1008 2997 novimus,
1034 2909 1312 3006 praetermissiS,

303 3025 604 3114 observationem
624 3048 879 3096 memoremus
896 3024 943 3096 ad
959 3041 1036 3098 tres
1054 3049 1149 3124 ,quas
1163 3041 1315 3123 postre-

257 3167 259 3172 ’
303 3169 384 3216 mas
401 3143 471 3215 tibi
493 3142 779 3240 descripsimus,
808 3167 853 3214 ex
873 3158 979 3238 parte
998 3143 1125 3240 aliqua
1148 3145 1314 3217 attinen-

303 3278 404 3350 tem;
427 3260 564 3332 mulier
579 3259 633 3356 (5)
655 3257 725 3332 fuit
745 3281 828 3356 quae
845 3257 977 3332 foetum
1005 3259 1123 3332 edidit
1149 3261 1315 3358 pedibus

407 3581 475 3639 vid.
491 3585 557 3638 Act.
572 3584 610 3639 N.
626 3583 659 3638 C.
673 3593 745 3638 tom.
760 3582 796 3652 6,
810 3585 874 3640 obs.
891 3603 938 3640 10.
964 3559 967 3567 Ι

410 3683 571 3738 Commerc.
586 3683 675 3737 litter.
686 3700 735 3737 an.
751 3681 843 3752 1632,
859 3683 948 3740 hebd.
964 3701 1013 3739 ao.

406 3781 483 3856 Eph.
500 3782 537 3836 N.
554 3783 587 3838 C·
603 3782 666 3838 dec.
684 3782 718 3852 3,
734 3783 771 3836 A.
784 3801 803 3856 9
818 3793 847 3836 et
863 3802 916 3852 1o,
934 3783 998 3838 obs.
1021 3781 1086 3838 106.

408 3881 574 3938 Salamara.
586 3880 708 3936 Dissert.
722 3880 759 3936 de
771 3881 913 3956 quibusd.
928 3893 1037 3940 tumor.
1048 3881 1140 3940 tunic·
1154 3892 1212 3940 ext.
1230 3885 1249 3952 §-
1262 3883 1293 3940 3.

409 3981 508 4036 Schol.
523 3981 561 4042 ad
571 3983 689 4038 Prouss.
703 3981 767 4038 obs.
780 3982 831 4038 eit.
1219 3985 1222 3992 '
