2854 4660
205 473 274 518 cm.
289 471 338 518 Ν.
357 467 766 533 concernentibus,
784 460 853 521 etc.
865 469 977 518 rrtsr·
990 473 1038 520 u·
1067 449 1137 526 353
1213 463 1216 470 ’

127 599 303 656 mortuus
330 599 410 655 erat
431 572 612 670 delirans,
634 597 677 654 et.
694 583 942 680 paralyticus3
960 589 1075 683 quod
1096 605 1137 662 ut

127 703 356 801 plurimum,
372 703 514 798 inquit,
531 699 613 771 [ieri
634 701 746 788 solet,
765 727 810 771 eo
835 707 1005 800 corporis
1023 707 1137 796 latere

128 820 237 920 quod
256 819 403 890 vulneri
418 817 693 916 opponebatur.
711 823 754 888 ln
766 820 1139 917 capiteduoinveuta

129 952 221 1008 sunt
237 950 469 1033 apostemata
488 959 652 1032 quorum
669 960 738 1032 pus
759 952 837 1007 erat
854 937 1064 1030 laudabile,
1085 943 1139 1013 al-

127 1069 252 1127 terum
273 1055 313 1123 in
333 1053 538 1124 substantia
559 1053 706 1125 cerebri
724 1077 844 1151 prope
867 1055 1030 1143 vulnus,
1050 1060 1139 1132 alte-

129 1171 216 1242 rum
235 1174 275 1240 in
293 1168 482 1242 cerebello
500 1172 720 1268 posteriore.
758 1177 802 1241 Iu
827 1172 981 1246 thorace
1012 1193 1140 1250 autern

129 1291 252 1363 sanies
266 1290 383 1360 multa
399 1304 435 1360 et
445 1290 542 1360 mala
568 1287 805 1386 deprehensa
816 1307 870 1362 est
883 1295 983 1364 intra
1001 1297 1141 1373 sinistri

127 1406 323 1507 pulmonis
340 1406 468 1495 ulcus,
499 1407 607 1502 cujus
630 1429 763 1480 cavum
787 1409 908 1504 majus
935 1427 1014 1482 erat
1035 1412 1139 1482 dimi·

128 1523 232 1596 diato
250 1526 390 1596 cortice
411 1525 472 1595 ovi
492 1523 697 1622 gallinacei.
721 1528 804 1596 Fuit
821 1541 858 1596 et
877 1529 998 1601 sanies
1018 1533 1138 1602 mani·
1189 1533 1193 1538 ’

126 1640 221 1716 festa
245 1643 285 1712 in
305 1645 459 1715 sinistrae
475 1643 601 1716 cordis
619 1645 795 1714 auric‘ulae
813 1643 904 1718 facie
931 1650 1141 1739 exteriore,
1224 1676 1226 1681 ’

128 1787 213 1861 quae
244 1776 322 1832 tota
354 1761 465 1832 etiam
495 1761 718 1834 exulcerata.
758 1763 829 1833 Sed
856 1757 896 1834 in‘
930 1768 1143 1850 ventriculo

129 1879 241 1952 etiam
265 1879 389 1951 cordis
413 1879 568 1952 dextero
604 1880 643 1949 in
670 1881 848 1950 columna
873 1906 1008 1955 carnea
1036 1909 1142 1983 apos·

128 2014 230 2071 tema
253 2014 333 2069 erat
358 1997 546 2085 notabile,
573 1997 781 2068 ascendens
800 2023 921 2095 usque
954 2001 1001 2072 ad
1027 2027 1141 2072 imam
1202 2003 1212 2014 “

130 2142 177 2189 ex
195 2115 371 2204 valvulis,
396 2117 517 2212 ipsam
541 2139 697 2211 quoque
720 2129 869 2186 tumore
896 2117 1071 2206 notabili,
1105 2135 1143 2192 et

91 2273 95 2283 ·
129 2249 369 2332 apostemoso
391 2247 610 2305 tumentem.
640 2237 685 2302 Et
708 2257 755 2302 ne
786 2230 1033 2306 fortecredas
1060 2235 1139 2318 haec

128 2352 296 2424 thoracis
321 2365 549 2449 apostemata
566 2365 652 2420 ante
669 2350 807 2422 vulnus
821 2346 898 2446 jam
920 2349 1031 2424 luisse
1047 2409 1055 2446 ,
1074 2369 1143 2426 tes

128 2484 231 2542 tatur
245 2473 367 2542 Massa
394 2484 528 2539 notum
544 2469 619 2540 sibi
647 2465 759 2539 fuisse
776 2467 994 2559 hominem,
1016 2497 1140 2568 neque

128 2609 299 2683 unquam
316 2586 363 2658 de
381 2585 458 2656 ullo
474 2585 607 2656 dolore
624 2602 895 2682 conquestum,
910 2613 1035 2685 neque
1048 2591 1142 2660 tussi

126 2719 304 2776 vexatum
323 2703 383 2776 vel
407 2719 606 2801 postquam
631 2704 850 2776 vulneratus
879 2706 1047 2801 jacebat,
1066 2723 1136 2780 etc.

129 2821 188 2894 ad
210 2821 319 2892 hauc¹
333 2820 514 2892 addendae
538 2835 625 2892 sunt
645 2822 844 2894 Marchetti
874 2825 994 2894 nostri
1017 2823 1142 2896 obser·
1199 2813 1204 2818 ⁵

129 2937 380 3036 vationes(1).
398 2943 489 3030 Quae
503 2962 590 3008 cum
602 2931 722 3010 multo
736 2942 905 3012 notiores
923 2942 1140 3038 sinuatque
1245 2959 1248 2964 ’

132 3055 227 3128 adeo
245 3054 588 3153 in'Sepulchretum
608 3055 662 3148 (a)
687 3057 837 3140 relatae3
859 3055 1054 3127 vitlere'ibi
1071 3082 1147 3154 pom

131 3175 242 3260 teriS,
275 3199 389 3271 quam
418 3174 580 3270 saepeiu
611 3175 739 3268 capitis
763 3173 985 3244 vulneribus
1010 3195 1140 3245 erosos

16 3342 22 3350 .
131 3291 335 3390 pulmones
366 3305 402 3362 et
428 3291 602 3388 pleuram
629 3290 834 3376 invenerit,
862 3289 1142 3388 dimidiumque

130 3408 298 3482 thoracis
311 3432 429 3478 caveae
440 3432 534 3504 pure
554 3404 754 3495 refertum,
768 3422 975 3504 arguatque
990 3433 1054 3480 eos
1074 3411 1152 3506 qul·

132 3551 215 3598 nou
234 3551 255 3596 a
272 3526 402 3623 capitis
419 3524 576 3597 vulnere
601 3523 674 3594 hoc
704 3523 902 3596 deducant.
934 3529 1017 3622 lpse
1039 3528 1141 3597 enim

131 3643 185 3718 ob
200 3645 358 3742 praevios
374 3643 461 3713 colli
477 3643 628 3714 dolores
640 3659 747 3741 parte
762 3644 967 3740 praesertim
982 3647 1142 3740 postica,

176 3927 221 4005 (ι)
243 3929 316 3986 Obs.
331 3929 410 3985 med.
427 3923 537 3984 chirur.
558 3927 604 3984 15.

172 4027 219 4104 (a)
241 4027 341 4086 Schol.
356 4029 395 4086 ad
411 4033 426 4099 §
440 4046 474 4102 a,
492 4028 556 4086 obs·
572 4027 619 4086 16.

210 4125 340 4197 6..
