2812 4656
257 445 259 450 ’
301 451 373 504 nto
466 445 513 498 ns
539 444 687 496 suerrus
710 447 755 520 nr
780 445 905 496 causis
931 443 1141 499 »torrerent

298 563 470 638 febribus
498 561 720 634 anatomicis
748 547 1103 652 observationibus,
1135 563 1308 637 observas

207 746 212 758 ,
298 686 422 756 tiones
449 679 675 781 protulerim
705 680 744 750 in
776 679 992 753 viventibus
1018 681 1175 754 habitas.
1208 683 1308 754 Nosti

299 803 401 876 enim
424 825 512 872 cum
533 799 573 870 in
593 823 642 870 ea
651 821 734 895 quae
747 798 785 866 in
797 795 1047 896 Sepulchreto
1067 813 1123 872 est
1138 799 1186 872 de
1198 798 1307 872 febri-

296 919 370 992 hus
386 920 552 991 sectione
573 915 753 1014 quasdam
776 913 890 1011 hujus
907 939 1061 1014 quoque
1080 915 1236 991 alterius
1252 943 1307 1017 ge·

298 1039 402 1109 neris
419 1035 596 1107 historias
614 1031 669 1129 (1)
690 1031 870 1130 proponi,
892 1048 974 1104 tum
992 1037 1199 1134 praesertim
1217 1059 1238 1107 a
1255 1058 1309 1135 pe.-

297 1154 472 1228 ricuiosis
485 1149 777 1224 dissentionibus
794 1175 853 1222 me
873 1148 1045 1250 refugere
1060 1155 1304 1226 consuevisse.

300 1275 387 1364 Quo
405 1271 550 1358 minus,
571 1269 729 1368 opinor,
750 1268 967 1366 expectabis
996 1271 1185 1354 sectiones
1206 1295 1234 1356 ‚a
1256 1295 1309 1343 nie

300 1391 489 1462 institutas
517 1407 649 1459 eorum
682 1407 780 1483 quos
810 1387 982 1486 maligna²
1005 1385 1130 1462 febres
1161 1387 1307 1461 variolis

301 1511 442 1606 stipatae
462 1505 722 1602 absumpsere,
745 1527 832 1575 curn
858 1505 967 1594 scias,
986 1529 1046 1578 me
1064 1506 1231 1579 necdum
1255 1524 1308 1579 va·

300 1627 407 1698 riolis
430 1622 542 1696 fuisse
563 1635 792 1721 correptum.
822 1624 955 1720 Neque
983 1625 1086 1694 enim
1110 1627 1208 1696 tanti
1230 1647 1307 1698 sum

301 1737 432 1829 animi,
454 1755 512 1812 ut·
530 1740 667 1810 imitari
691 1739 851 1812 audeatu
880 1739 1124 1813 Theodorum
1144 1743 1307 1841 Zwinge·

295 1871 404 1952 funt,
420 1861 486 1958 qui
503 1859 596 1930 utin
612 1856 860 1956 Sepulchreto
879 1858 933 1953 (α)
953 1859 1064 1929 etiarn
1083 1859 1203 1958 leges,
1226 1882 1305 1932 curn

303 1999 349 2052 eo
368 1990 566 2075 nunquam
592 1973 731 2045 morbo
747 1972 972 2064 laborasset,
996 1999 1159 2073 puerum
1176 1977 1305 2050 eodem

195 2071 201 2089 l
303 2100 470 2171 occisum
498 2093 685 2166 dissecuit.
717 2095 763 2163 At
788 2092 910 2179 enim,
940 2093 1089 2190 inquis,
1118 2094 1179 2165 vel
1210 2107 1306 2194 peste

301 2219 382 2316 ipsa
404 2226 690 2320 peremptorum
719 2209 921 2298 cadavera,
943 2209 1021 2306 jam
1060 2205 1195 2310 frigida
1220 2235 1306 2311 pra·
1341 2221 1344 2227 ’
1386 2245 1387 2252 ¹

252 2363 257 2368 ·
303 2335 448 2420 sertim,
484 2330 662 2415 dissecta,
700 2348 839 2400 nocere
879 2343 1067 2426 negarunt
1106 2325 1307 2404 doctissimi
1387 2312 1388 2362 ¹

302 2454 383 2528 viri.
408 2453 488 2546 Ego
509 2471 600 2518 vero
620 2445 691 2517 hos
714 2445 812 2544 legit
842 2445 907 2517 sed
927 2446 1019 2544 quid
1041 2445 1206 2520 Thomas
1228 2453 1306 2519 Bar·

300 2568 469 2643 tholinns
487 2565 561 2660 (3),
586 2577 622 2636 et
638 2562 844 2635 Isbrandus
856 2564 1215 2640 Diemerbroeckius
1233 2567 1305 2664 (Δ),

303 2681 371 2787 qui
404 2682 556 2757 eosdem
588 2681 778 2780 legerent,
809 2685 1045 2774 censuerint,
1072 2698 1201 2755 tamen
1233 2685 1307 2755 ani·

303 2803 498 2878 madverti.
516 2805 610 2873 Nam
638 2799 803 2898 primus,
833 2799 991 2890 nollem,
1021 2804 1160 2901 inquit,
1181 2823 1307 2875 eorum

303 2921 515 2997 rationibus
533 2923 688 2990 nimium
704 2917 847 3013 fidere,
878 2918 973 2990 alter
999 2945 1107 3009 vero,
1136 2921 1307 3007 cadaver,

303 3063 390 3116 cum
406 3039 483 3138 jam
503 3036 613 3136 plane
624 3031 914 3134 perfrigcratum
930 3051 1003 3126 est,
1021 3039 1140 3110 multu
1156 3037 1306 3137 quidem

301 3165 423 3233 minus
435 3159 695 3251 contagiosum
714 3167 785 3241 est,
807 3177 923 3252 quam
939 3177 1076 3254 corpus
1096 3157 1308 3228 morbosum

196 3303 203 3317 ’
301 3285 447 3362 viteam
484 3271 744 3370 contagiosum
771 3288 896 3344 autem
932 3295 1011 3346 esse
1039 3299 1118 3346 non
1146 3275 1309 3372 negavit,

302 3397 379 3468 imo
407 3390 581 3489 exemplo
602 3414 670 3462 suo
694 3387 785 3486 quid
819 3391 975 3463 sentiret
998 3391 1181 3480 ostendit,
1204 3409 1309 3478 cum,

301 3693 305 3696 ’
344 3693 386 3778 (1)
407 3695 545 3771 Append.
559 3694 598 3751 ad
610 3694 674 3751 obs.
691 3712 727 3750 ro
739 3705 768 3750 et
781 3713 829 3770 29.

342 3795 385 3876 (a)
406 3799 443 3854 In
455 3793 598 3852 additam.
609 3793 646 3851 ad
658 3789 735 3851 hanc
745 3799 816 3852 sect.
830 3793 896 3852 obs.
912 3815 948 3873 19
962 3815 1030 3855 cum
1043 3792 1135 3856 schot.

343 3898 388 3981 (3)
408 3895 523 3956 Consib
537 3896 574 3952 de
585 3906 666 3951 anat.
682 3906 779 3970 praet.
793 3914 825 3951 n.
840 3895 869 3952 3.

346 3997 387 4084 (t)
409 4001 454 4056 De
467 4007 566 4076 peste,
582 3995 603 4053 1.
618 4013 651 4068 a,
669 4014 695 4054 c.
711 3995 923 4073 3,aduot.12.
1004 4041 1008 4047 .
