2926 4654
285 411 353 489 190
444 415 491 462 nt·
517 411 664 460 sumnus
687 413 733 459 ΕΤ
757 411 881 462 ceneta
906 414 1117 468 MORBORUH
1213 456 1216 466 .

282 543 440 630 propter
466 541 638 600 externas
662 525 958 602 evidentissimas
991 555 1120 606 causas
1152 558 1293 636 corpus

280 644 493 732 laboribus,
520 645 689 714 animum
715 644 954 742 aegritudine,
986 644 1215 742 afficientes,
1251 659 1292 730 in

279 789 475 850 nauseam,
495 762 659 860 vigilias,
675 761 847 835 dolorem
866 765 1016 864 capitis,
1030 768 1288 848 lassitudinem

279 881 492 969 incidisset3
507 877 601 952 illud
621 881 774 953 accessit
787 884 960 978 proxima
976 883 1132 982 hyeme,
1147 905 1189 961 ut
1202 915 1290 966 curn

280 999 437 1087 thorax,
451 1012 488 1070 et
506 1012 618 1096 caput
636 997 745 1068 valde
763 1013 987 1090 aestuarent,
1002 1019 1152 1094 venter,
1170 1022 1291 1082 artne-

281 1144 359 1217 quc
377 1114 574 1188 inferiores
593 1113 793 1212 frigerent,
819 1141 890 1190 nec
907 1119 1094 1212 vestibus,
1118 1149 1190 1196 nec
1209 1125 1288 1198 ullo

280 1237 354 1310 alio
366 1233 505 1308 auxi-lio
526 1234 644 1305 satisa
664 1231 803 1332 frigore
818 1234 971 1308 defendi
985 1258 1160 1336 possent,
1178 1244 1290 1316 item-

280 1379 354 1454 que
365 1367 408 1426 ut
419 1351 581 1426 horrore
596 1377 665 1450 per
678 1351 836 1426 dorsum
854 1372 1012 1455 vagante
1031 1363 1290 1459 corriperetur

279 1498 300 1562 p
321 1469 497 1570 prandio,
510 1485 628 1544 noctu
644 1485 770 1543 autem
781 1474 899 1571 magis
915 1499 1002 1546 cum
1022 1479 1061 1550 in
1075 1478 1226 1554 lectore
1243 1507 1289 1558 ex

278 1614 358 1662 nno
384 1589 425 1660 in
445 1588 605 1664 alterurn
632 1605 870 1664 converteret
896 1592 1024 1680 ¹lntns:
1045 1597 1140 1692 quin
1168 1600 1289 1691 'etianr

277 1705 524 1793 tremoribus,
545 1706 670 1804 siquid
683 1709 808 1780 somni
825 1726 994 1808 caperet,
1015 1727 1054 1786 et
1078 1719 1288 1812 repentinis

277 1825 489 1900 terroribus
510 1827 756 1916 excitaretur3
782 1851 1003 1927 quanquam
1032 1855 1104 1906 nec
1129 1833 1288 1910 deerant

248 1935 250 1942 ’
276 1945 405 2016 diurni
434 1941 606 2041 quidem,
625 1943 754 2024 falsam
775 1961 876 2026 certe
896 1947 1060 2044 quadarn
1081 1951 1120 2022 in
1135 1977 1177 2024 re
1194 1953 1287 2026 ima·

275 2063 507 2165 ginationern
539 2079 832 2160 consequentes,
864 2063 916 2138 ob
952 2091 1050 2164 quos
1074 2068 1284 2147 identidem

276 2183 405 2254 animo
426 2176 635 2254 deficiebat.
664 2182 760 2260 Hine
777 2181 982 2258 illaomnia
999 2183 1199 2284 dequibus
1212 2213 1300 2272 ne·¹

273 2301 422 2373 vissime
451 2299 594 2372 dictum
614 2314 689 2386 est,
715 2299 755 2372 in
782 2297 862 2374 dies
883 2299 1139 2399 angebantur,
1163 2309 1285 2396 ettin-

273 2437 389 2492 ternae
410 2417 670 2515 oppressionis
681 2438 813 2492 sensus
832 2417 1005 2516 urgebat,
1026 2438 1217 2522 caputque
1242 2426 1283 2500 in

273 2537 406 2636 primis
425 2560 536 2635 grave
560 2533 655 2606 adeo
676 2531 815 2608 facturn
834 2551 933 2626 erat,
958 2553 996 2610 et
1012 2541 1187 2638 vertigini
1213 2541 1284 2616 ob·

272 2656 429 2727 nonium
441 2707 451 2743 ,
465 2651 668 2729 utmulieri
683 2648 806 2724 fulcro
816 2677 915 2752 opus
925 2670 1040 2744 esset,
1055 2682 1104 2746 ne
1117 2658 1280 2734 caderet

269 2773 412 2874 Agebat
450 2788 542 2844 tunc
580 2795 724 2844 annum
760 2770 1092 2872 quadragesimum
1124 2777 1280 2852 tertium

271 2917 358 2964 curn
376 2889 565 2961 medicum
583 2889 778 2961 accersivit
790 2913 924 2981 suurn3
940 2892 972 2964 is
992 2917 1013 2964 a
1033 2909 1199 2991 quatuor
1209 2920 1280 2968 an-

223 3009 237 3052 '‘
268 3012 328 3082 nis
341 3011 418 3106 jem
433 3021 514 3080 erat
528 3006 711 3082 Medievia
728 3022 876 3100 noster3
898 3009 1008 3108 eique
1024 3063 1034 3098 ,
1054 3011 1146 3109 ipsis
1160 3015 1277 3086 nonis

269 3128 358 3200 maii
369 3127 460 3198 unni
477 3122 581 3222 1750,
593 3123 671 3198 berc
687 3127 854 3201 narravit
868 3129 1016 3218 omnia,
1035 3109 1204 3228 illudque
1218 3137 1279 3204 in·

268 3266 383 3344 super
408 3242 514 3342 qnod
543 3244 582 3314 in
604 3245 789 3341 ejusmodi
822 3245 980 3320 muliere
1007 3250 1196 3346 praecipna
1221 3265 1278 3326 est

265 3363 510 3438 adnotatione
534 3361 713 3464 dignum,
738 3379 955 3454 menstrua,
983 3390 1149 3466 quorum
1167 3368 1276 3465 copia

266 3507 350 3582 qnae
368 3507 518 3582 semper
544 3480 698 3570 fuisset,
731 3505 777 3556 ex
805 3484 1064 3582 superioribus
1096 3485 1274 3584 intelligi·

263 3603 347 3691 tur',
365 3617 403 3675 et
419 3627 502 3701 quar
519 3603 691 3702 proxime
711 3616 835 3674 estate
861 3626 941 3674 non
972 3604 1100 3676 minor
1127 3601 1275 3696 fuerat,

255 3719 484 3795 necesitate
504 3719 660 3819 singulis
679 3717 849 3792 fluebant
868 3720 1079 3810 mensibus,
1098 3737 1135 3794 et
1155 3745 1273 3820 quam

261 3853 530 3928 consuessent,
547 3836 748 3927 calidiora,
772 3851 885 3936 atque
904 3840 999 3912 adeo
1026 3841 1271 3932 calidissima,

191 3957 194 3964 ’
253 3961 334 4065 jorn
350 3959 422 4032 sibi
438 3983 484 4031 ex
503 3981 582 4056 quo
598 3951 651 4030 sic
668 3953 803 4032 affecte
817 3973 935 4052 esset,
962 3985 1044 4034 non
1062 3959 1179 4042 modo
1203 3961 1272 4032 inr-
