2828 4652
215 474 218 485 ,
287 420 356 466 120
450 417 497 464 nn
523 411 668 463 senmos
694 415 737 462 nr
763 407 887 462 crusis
912 410 1123 464 nonronun

281 530 424 602 bebant
438 555 448 618 3
467 545 509 600 ut
521 528 601 598 duae
613 527 684 597 illae
696 526 860 599 exterius
874 524 1011 598 fierent
1035 526 1295 626 protuburan-

282 649 342 719 tiae
361 647 408 718 de
427 646 567 744 quibus
582 667 697 742 supra
718 643 861 714 dictum
884 659 949 716 est.
977 650 1108 743 Itaque
1126 671 1206 717 non
1233 671 1292 718 se-

284 763 351 838 cu's
369 779 481 862 atque
505 765 545 833 in
566 761 706 834 celebri
723 763 845 832 Littrii
863 761 917 859 (1)
944 762 1232 854 observatione,
1252 777 1296 834 ut

282 882 411 954 nullus
429 880 564 967 tubus,
577 881 629 951 sic
646 878 752 949 nulla
768 894 848 950 erat
865 878 928 949 bic
947 880 1102 978 spinalis
1114 881 1291 956 medulla.

172 1068 175 1076 .
283 998 455 1086 Videbis,
477 995 665 1094 siquando
677 997 869 1068 Patavium
892 1000 1057 1088 veneris,
1074 999 1294 1072 universum

285 1117 525 1212 sceletum,a
547 1113 732 1218 Medievia
757 1128 889 1186 nostro
920 1114 1121 1214 diligenter
1139 1139 1298 1214 appara·

283 1235 367 1308 tum
377 1288 387 1314 ,
405 1247 523 1330 eaque
534 1232 661 1303 omnia
678 1255 761 1328 quae
773 1233 813 1301 in
830 1230 977 1304 ossibus
985 1231 1186 1331 descripsi,
1204 1257 1296 1331 prae·

288 1351 387 1425 clare
424 1349 634 1423 ostendens.
685 1355 790 1422 Esset
827 1365 951 1422 autem
991 1366 1146 1448 aspectu
1172 1348 1296 1424 multo

285 1468 501 1569 pulchrius,
522 1469 552 1539 si
574 1481 620 1538 ut
641 1468 681 1536 in
708 1467 848 1540 caeteris
871 1491 953 1566 quae
971 1468 1135 1566 plurima
1154 1467 1294 1558 babeo,

286 1588 447 1660 foetuum
465 1585 627 1672 sceleris,
646 1585 696 1654 ita
718 1585 757 1653 in
783 1583 859 1656 hoe
883 1609 1038 1683 quoque
1062 1609 1145 1658 ossa
1167 1586 1295 1656 omnia

284 1706 332 1778 ad
349 1702 562 1776 albedinem
583 1699 742 1800 perduoi
754 1705 975 1800 potuissent.
1002 1708 1091 1795 Quae
1111 1704 1180 1776 etsi
1198 1703 1293 1775 dura

287 1837 390 1912 sunt,
409 1821 532 1918 neque
550 1819 626 1890 ulla
646 1818 694 1890 ab
713 1843 759 1890 eo
774 1843 865 1890 cura
879 1823 1126 1918 praetermissa
1145 1836 1201 1894 est
1213 1847 1228 1910 ς,
1241 1837 1294 1893 ta·

286 1965 397 2027 men,
414 1937 524 2036 ¹quod
543 1935 796 2009 omittendum
819 1961 899 2008 non
928 1937 1072 2010 credidi
1097 1939 1148 2011 ad·
1165 1938 1294 2010 obser-

287 2058 448 2130 vationis
465 2055 579 2152 hujus
595 2054 941 2153 complementum,
968 2053 1095 2128 fuscus
1122 2056 1295 2154 quidam,

293 2191 330 2248 et
361 2175 541 2273 subniger
555 2172 662 2246 color
682 2197 703 2242 a
721 2173 832 2246 certis
850 2174 1240 2271 praesertimossibus,
1264 2191 1299 2248 et

290 2294 517 2364 nominatim
542 2316 563 2361 a
589 2291 780 2389 plerisque
803 2314 937 2362 eorum
965 2313 1059 2388 queo·
1079 2293 1119 2362 in
1142 2292 1299 2365 artubus
1396 2294 1397 2318 ¹

290 2409 464 2508 longiora
491 2423 596 2496 sunt,
620 2410 771 2506 penitus
798 2405 937 2480 auferri
965 2433 1045 2480 non
1062 2412 1210 2508 potuit.
1243 2415 1300 2482 De

291 2527 431 2626 quibus
449 2524 687 2623 longioribus
707 2541 859 2597 artuum
880 2527 1028 2600 ossibus
1047 2551 1117 2600 nec
1135 2528 1229 2600 illud
1250 2531 1299 2602 si-

292 2645 448 2717 lendum
468 2659 543 2732 est,
569 2643 709 2716 minori
736 2665 814 2718 esse
830 2644 1084 2717 'crassitudine
1113 2671 1229 2743 quam
1260 2649 1299 2718 in

295 2760 448 2834 foetibus
464 2761 564 2861 paris
586 2760 675 2832 hnic
692 2759 900 2834 altitudinis
920 2762 1063 2853 solent,
1082 2765 1218 2860 majori
1236 2789 1302 2836 au-

292 2896 370 2952 tem
391 2878 639 2978 longitudine.

345 2993 400 3068 51.
418 2999 528 3068 Anno
546 2995 680 3067 eodem
702 2995 814 3093 1746,
830 3019 915 3068 cum
931 2994 1027 3068 lorte
1046 2998 1300 3097 septembrem

294 3137 464 3186 mensem
490 3113 530 3186 in
558 3115 679 3210 patria
710 3111 947 3187 traducerem
970 3139 1072 3202 mea,
1103 3115 1300 3214 Philippus

292 3232 497 3319 Beronius,
511 3232 660 3302 Beronii
677 3230 777 3302 illius
792 3233 859 3328 qui
869 3231 916 3305 de
931 3232 1300 3332 pleuropneumonia

297 3349 474 3446 scripsit,
515 3371 729 3446 pronepos,
774 3372 881 3420 meus
922 3350 1013 3420 olim
1041 3366 1168 3449 gratus
1195 3351 1301 3424 audi-

296 3482 378 3555 tor,
393 3482 485 3539 tunc
512 3484 638 3538 autem
656 3466 757 3564 apud
785 3466 1039 3562 Meldulenses
1052 3470 1139 3542 su'os
1150 3471 1231 3567 qui,
1248 3472 1302 3568 ip·

294 3599 485 3659 sumente
520 3584 619 3658 diem
648 3585 874 3676 amiserunt,
915 3585 1085 3659 medious
1118 3589 1300 3664 exercita-

331 3958 372 4042 (ι)
395 3967 486 4024 Mem.
501 3964 539 4023 de
551 3963 663 4036 l'dc'ed.
676 3973 741 4042 roy.
755 3963 807 4026 dee
821 3963 978 4038 suenus,
997 3979 1045 4026 en·
1062 3983 1149 4039 17⁰1.
