2816 5282
319 411 391 493 3290
492 417 538 464 [ΦΒ
562 411 709 464 891108
733 414 778 460 ΕΤ
802 411 927 462 (Ἁῐὸῐδ
950 413 1159 462 UORBORUM

319 557 399 608 rem
426 553 539 628 quam
560 528 685 630 primo
709 525 764 598 itti
796 526 975 624 Valsalvae
999 530 1082 598 viro
1109 529 1150 600 in
1166 552 1236 626 quo
1252 529 1300 602 illa

318 653 397 750 ipsa
431 645 550 722 cauda
574 669 655 716 non
687 643 808 716 solum
841 669 920 714 non
952 643 1109 740 trajecta
1134 660 1227 733 erat,
1248 647 1299 718 sed

318 768 429 840 illaesa
457 764 614 836 omnino
633 760 860 833 videbatur?
881 762 1069 834 Nimirum
1089 759 1253 852 difficile,
1270 779 1301 834 ut

319 885 413 971 dixi,
432 882 510 954 haec
525 895 684 980 possunt
701 879 919 952 discrimina
935 878 1126 976 explicari
1146 879 1183 950 si
1196 895 1300 952 tamen

318 1001 566 1098 conjecturis,
586 1022 664 1069 non
681 995 850 1094 undique
870 994 1027 1070 fortasse
1043 997 1300 1096 improbandis,

316 1134 371 1192 ost
389 1119 513 1204 locus;
532 1113 614 1186 duae
633 1113 753 1186 videri
773 1129 933 1210 possunt
962 1110 1077 1184 fuisse
1096 1137 1230 1197 causa,
1249 1140 1301 1185 cur

318 1259 405 1308 eum
430 1232 608 1305 Valsalvoe
632 1233 754 1302 virum
775 1245 850 1300 tam
880 1230 953 1300 cita
982 1253 1087 1301 mors
1108 1229 1297 1328 abripuerit.

316 1356 367 1424 Ut
383 1351 484 1422 enim
513 1371 657 1447 pronus
682 1345 905 1435 incedebat,
923 1370 1010 1418 cum
1035 1371 1156 1420 ruens
1172 1345 1217 1418 ab
1242 1349 1300 1418 alto

316 1468 461 1566 lignum
489 1481 565 1536 tres
585 1485 646 1536 eas
673 1461 866 1534 vertebras
886 1465 1096 1560 percussit;
1125 1478 1229 1536 tanto
1250 1463 1300 1535 has

315 1581 576 1654 vehementius
595 1603 798 1652 concussas
825 1577 1072 1668 crediderim,
1105 1596 1244 1678 quanto
1263 1583 1299 1650 ic·

316 1714 398 1772 tum
426 1699 552 1770 miuus
570 1723 615 1770 ex
636 1695 796 1794 obliquo
817 1721 1019 1794 excepere,
1045 1713 1299 1797 proptereaque

315 1817 493 1913 disruptis
530 1811 750 1912 sanguiferis
778 1815 873 1886 vasis
907 1814 994 1912 plus
1020 1817 1216 1913 sanguinis
1242 1812 1299 1884 sor·

313 1951 432 2020 tasse,
452 1958 565 2032 quam
583 1931 636 2004 ibi
653 1933 845 2029 apparuit,
863 1927 1072 2021 effluxisse3
1104 1931 1195 2004 inde
1216 1931 1298 2004 vide-

313 2053 400 2124 licet
412 2053 452 2122 in
465 2049 688 2122 concidente
707 2074 750 2121 ac
771 2050 909 2146 supino
920 2047 1075 2121 homine
1092 2075 1183 2122 mox
1199 2053 1297 2122 ince-

314 2185 411 2242 teras
439 2167 631 2240 vertebras
657 2167 844 2264 dilapsum
871 2166 919 2238 ad
952 2165 1131 2240 medullae
1163 2191 1296 2266 corpus,

313 2313 392 2360 non
414 2287 523 2358 aliter
552 2285 827 2384 propemodum
864 2299 978 2382 atque
1010 2309 1030 2356 a
1061 2289 1237 2384 Verneyo
1257 2284 1297 2377 (1)

311 2403 394 2476 fieri
410 2403 594 2476 creditum
608 2417 663 2476 est
683 2405 722 2472 in
741 2400 1100 2500 quibusdam‘quasi
1117 2403 1296 2504 apoplexia

237 2567 240 2572 -
313 2519 742 2620 generibus‚postquam
758 2521 798 2592 in
816 2518 953 2590 horum
974 2520 1106 2618 aliquo
1131 2520 1295 2624 proflupre

310 2639 531 2736 sanguinem
552 2637 646 2708 vidit
662 2662 742 2707 non
757 2662 778 2706 e
794 2637 946 2723 cranio,
974 2639 1039 2709 sed
1057 2663 1105 2710 ex
1128 2638 1294 2712 vertebra·

308 2780 394 2828 rum
414 2753 518 2826 tubo.
531 2759 753 2852 Compressa
767 2755 868 2824 enirn
888 2770 1078 2854 euparte,
1097 2757 1200 2828 unde
1214 2759 1296 2826 nervi
1371 2787 1372 2794 ι

309 2879 483 2944 on'untur
501 2871 678 2969 plurimi,
707 2876 774 2967 qui
799 2875 904 2942 nervi
927 2873 1182 2944 intercostalir
1202 2877 1294 2942 ramis

299 2992 479 3090 praebent
495 2993 697 3086 originem,
721 2993 892 3084 partium
926 2993 1147 3062 interiorum
1174 3004 1292 3061 motam

308 3131 465 3181 cessosse
493 3105 723 3178 existimavit.
759 3106 928 3176 Cessasse
952 3121 1079 3177 autem
1106 3107 1148 3178 in
1180 3119 1291 3177 nostro

308 3249 394 3298 casu
412 3240 517 3296 tanto
542 3219 688 3294 facilius
706 3223 932 3319 putaverim,
950 3240 1095 3320 quanto
1107 3225 1222 3322 magis
1230 3245 1291 3295 san·

310 3344 392 3440 guis
405 3345 505 3438 (quae
517 3341 632 3426 altera
647 3364 737 3412 meae
752 3341 977 3437 conjecture
994 3365 1104 3414 eausa
1124 3346 1195 3438 est)
1215 3363 1288 3439 pro-

304 3457 547 3532 moventibus
557 3459 843 3556 ipsumorganis
853 3457 1049 3532 resistebat
1062 3485 1105 3530 ea
1125 3457 1288 3541 crassitie,

306 3580 382 3652 sive
395 3603 437 3650 ea
447 3602 556 3676 aequo
566 3578 707 3648 minori
721 3575 915 3664 fluiditate,
926 3575 976 3648 ob
986 3603 1100 3675 quam
1118 3578 1211 3649 adeo
1221 3598 1289 3646 cou-

342 3945 384 4027 (ι)
405 3947 496 4022 Apud
507 3945 654 4002 Duhamel
669 3947 791 4004 trizen.
806 3947 854 4006 Sc.
865 3947 960 4006 trad
970 3949 992 4004 l.
1005 3947 1036 4020 3,
1048 3969 1072 4006 s.
1085 3947 1118 4020 5,
1129 3969 1155 4006 c.
1167 3968 1198 4020 a,
1209 3968 1236 4002 u.
1248 3964 1270 4000 ι.
