2784 5088
139 334 210 380 um.
225 333 274 379 tv.
292 323 787 395 1›ruorn1scmrurc.‚etc.
805 332 917 380 srtsr.
935 333 996 380 tn.
1024 307 1095 396 425

84 467 176 540 quae
199 444 261 516 hic
280 444 485 533 scribatur,¹
514 443 618 542 quod
631 445 676 520 in
702 469 744 516 ea
769 443 999 518 terebratum
1018 469 1096 516 cra-

80 562 198 632 nium
208 578 272 633 est.
392 563 394 570 ⁴
491 575 493 582 ’

145 677 200 748 15.
225 679 377 750 iuvenis
396 680 550 774 agrestis
565 677 763 766 robustus,
782 700 827 750 ex·
847 679 922 750 alto
938 677 1095 766 cadens,

85 809 207 890 caput
225 794 395 866 alliserat.
414 795 569 866 Nullum
590 798 746 867 omniuo
767 811 1011 868 consecutum
1032 810 1097 867 aut

79 926 201 998 tunc,
223 927 285 982 aut
299 913 480 1009 proximis
499 912 631 985 diebus
652 928 863 1012 symptoma
879 929 944 986 est.
963 917 1096 1010 Itaque

82 1026 260 1102 triduum
289 1030 470 1127 perrexit,
501 1031 596 1102 sicut
637 1046 742 1118 ante,
774 1031 919 1120 vivere,
949 1047 985 1104 et
1008 1055 1097 1102 rure

83 1144 360 1238 eademlacerc
380 1173 462 1244 quae
482 1148 633 1220 solebat.
656 1137 786 1220 Postes
804 1149 843 1219 in
862 1173 907 1219 eo
923 1150 990 1246 qui
1011 1173 1099 1220 cou-

84 1277 200 1334 tusus
219 1261 358 1351 fuerat,
373 1263 457 1334 loco
476 1265 528 1360 (is
545 1281 623 1338 erat
642 1265 689 1337 ad
706 1266 859 1358 alterius
878 1266 970 1337 ossis
992 1265 1100 1336 sinci-

89 1381 186 1477 pitis
216 1380 317 1452 illam
348 1396 492 1478 partem
519 1407 599 1478 quae
626 1381 832 1454 lambdoidi
853 1377 989 1454 suturae
1013 1407 1099 1479 pro·

88 1499 183 1595 pior
196 1497 266 1592 est)
276 1552 285 1584 ‚
296 1513 424 1570 tumor
438 1497 673 1587 manifestus,
687 1516 723 1572 et
736 1500 861 1572 addita
876 1499 990 1572 febris
1005 1501 1099 1570 utin

87 1617 360 1692 nosocomium
369 1616 1098 1715 veniret,impuleruntExarteamedico

85 1732 347 1831 chirurgoque
365 1750 535 1820 curatus,
551 1735 629 1829 jam
649 1759 727 1808 esse
746 1734 946 1806 videbatur
964 1758 1099 1833 prope·

87 1849 252 1924 modum
270 1875 403 1941 sanus,
429 1853 633 1949 presertim
657 1877 741 1924 cum
758 1866 837 1922 toto
864 1877 909 1922 eo
929 1866 1100 1948 tempore

91 1967 286 2066 peculiare
310 1968 458 2041 latentis
491 1968 579 2039 mali
605 1967 787 2042 indicium
814 1993 852 2040 se
878 1967 1103 2042 ostendisset
1134 2013 1137 2022 ·

87 2084 253 2156 nullum.
275 2087 381 2158 Circa
399 2086 498 2158 diem
514 2111 535 2155 a
553 2087 660 2182 lapsu
680 2085 1098 2184 decimumseptimum,

92 2227 185 2275 cum
205 2200 338 2276 famem
353 2204 493 2275 diutius
514 2185 611 2275 ferre
632 2229 711 2272 non
727 2217 869 2301 posset,
894 2203 1122 2300 plurimum*

95 2320 299 2392 comedere
316 2346 428 2393 ausus
451 2337 514 2395 est.
529 2327 618 2394 Mox
632 2318 746 2392 febris
763 2321 875 2392 rediit
893 2322 1103 2419 urgentior,

94 2437 340 2514 cumdolore
367 2454 480 2537 caput
509 2440 725 2510 uuiversum
751 2453 944 2536 gravante,
979 2453 1016 2508 et
1037 2462 1103 2508 vo·

96 2557 206 2625 mitu.
231 2559 286 2626 Ne
304 2570 384 2625 tum
401 2556 553 2653 quidem
571 2557 611 2627 in
629 2582 706 2654 quo
730 2556 825 2628 clam
847 2555 1024 2629 omuibus
1042 2552 1103 2624 de-

99 2673 288 2769 liquisset,
308 2688 362 2744 est
377 2670 502 2746 fassus.
525 2679 618 2745 Cum
636 2674 801 2748 remedia
816 2689 946 2746 caetera
967 2670 1104 2744 frustra

100 2805 244 2878 essent,
263 2792 406 2862 mentio
417 2791 553 2886 injecta
568 2807 623 2862 est
635 2792 762 2862 auxilii
773 2792 877 2888 quod
895 2769 1026 2862 omnes
1043 2789 1106 2860 hic

100 2923 288 2996 renuunt,
308 2910 386 3005 ipse
406 2923 531 2981 autem
558 2908 712 2979 minime
742 2905 965 2980 formidavit.
987 2896 1107 3002 Igitur

103 3047 183 3121 qua
202 3022 527 3122 caput-constabat
553 3022 664 3096 fuisse
684 3025 853 3108 allisum,
874 3023 927 3093 ibi
953 3021 999 3093 ab
1021 3037 1110 3096 stre-

102 3167 184 3215 nuo
202 3159 444 3240 spectatoque
464 3143 642 3240 chirurgo
663 3166 726 3230 os,
744 3141 839 3210 nihil
859 3163 1015 3239 prorsus
1028 3141 1110 3210 vitii

105 3261 333 3349 ostendens,'
353 3285 396 3332 ea
423 3261 614 3359 diligentia
639 3276 750 3358 atque
775 3273 853 3334 arte
877 3255 1110 3356 perforatum

106 3395 178 3466 est,
198 3395 402 3452 utnocere
426 3380 464 3453 id
498 3406 576 3452 non
612 3393 757 3476 posset,
791 3378 822 3450 si
849 3402 928 3450 non
951 3378 1108 3473 juvaret.

108 3496 213 3570 Nihil
227 3512 339 3584 tunc,
355 3511 418 3568 aut
429 3513 557 3594 postea
572 3497 691 3570 exivit.
707 3499 811 3570 Dura
827 3496 983 3568 meninx
994 3494 1113 3566 sanis·

107 3615 200 3686 sima
227 3630 263 3686 et
294 3631 516 3713 conspecta,
547 3631 584 3686 et
613 3630 756 3687 servata
788 3629 868 3686 est*
888 3617 1113 3708 Intereaque

108 3757 206 3828 aeger
222 3733 414 3830 aliquanto
439 3733 572 3802 melius
589 3757 626 3803 se
649 3731 789 3802 habere
813 3729 1027 3800 videbatur:
1042 3753 1114 3799 nec

110 3877 187 3948 qua
211 3853 251 3924 in
279 3878 321 3924 rc
340 3867 449 3928 antea
472 3866 680 3954 peccasset,
706 3849 867 3953 amplius
899 3837 1135 3937 occulebat3'
