2872 4660
277 439 322 514 52
449 463 496 510 nu
523 459 671 508 sumnus
697 459 741 506 aa
767 457 891 506 causis
918 458 1129 506 nonnonuu

277 590 378 649 totus
398 599 466 647 ren
496 587 592 646 esset
616 573 821 660 maximus,
848 571 1013 642 tenuiori
1038 586 1165 643 tamen
1192 569 1286 642 dun·
1331 551 1335 560 ¹

275 707 375 766 taxat
389 691 528 764 isthmo
541 691 656 788 spinae
669 687 891 778 incubabat3
905 689 1012 760 nolui
1024 687 1103 760 haec
1113 687 1284 785 exempla

277 834 363 896 cum
385 810 429 882 iis
447 805 681 910 confundere
699 829 781 902 quae
800 805 848 876 ad
875 806 1086 906 secundamx
1103 807 1285 892 attinent,

274 925 322 998 ad
340 950 454 1024 quam
468 925 547 1021 jam
555 939 819 1010 transeo,meae
835 921 1029 996 divisionis
1040 938 1203 1021 partem,
1216 921 1282 992 illa

275 1044 590 1142 complectentem
611 1040 649 1111 in
668 1039 807 1137 quihus
827 1056 949 1132 totum
961 1043 1062 1114 renis
1079 1041 1181 1124 unici
1197 1063 1283 1110 cor-

276 1162 487 1262 pusspinae
518 1155 798 1256 imponebatur.
823 1160 907 1247 Quo
932 1183 1063 1232 renem
1095 1159 1285 1256 pertinere

273 1279 382 1374 illum
403 1275 661 1386 censebimus,
687 1300 801 1372 quem
829 1301 915 1346 cum
938 1282 992 1346 Jo.
1017 1281 1155 1350 Vasseo
1172 1280 1286 1348 Caro·

275 1395 335 1474 lus
347 1393 559 1492 Stephanus
581 1393 636 1490 (1)
651 1395 848 1491 conspexit
867 1419 982 1465 unum
1002 1409 1146 1464 tantum
1161 1419 1300 1464 renem·

274 1519 314 1584 in
331 1510 454 1582 medio
463 1515 582 1610 spinae
597 1526 729 1582 exacte
744 1517 871 1601 situm,
888 1513 1045 1609 eumque
1059 1517 1284 1602 maimum,

276 1645 313 1702 et
346 1653 460 1726 quem
493 1627 637 1698 dixerat
667 1627 912 1701 Andernacus
936 1630 991 1727 (a)
1013 1654 1284 1727 nonnunquam

276 1771 391 1819 unum
404 1761 548 1816 tantum
566 1745 700 1818 medice
715 1752 835 1844 spinae
859 1752 1038 1820 innexum
1051 1753 1282 1847 apparuisse.

236 1853 239 1860 ¹
272 1865 498 1938 Notissimus
512 1879 567 1934 est
580 1878 706 1934 autem
720 1865 786 1961 qui
806 1865 984 1946 aBotallo
1000 1864 1054 1962 (3)
1074 1864 1285 1961 descriptus

275 1996 313 2062 et
331 1983 475 2080 pictus,
499 1996 624 2052 tantus
641 1995 743 2069 erat,
777 1997 819 2052 ut
846 2007 892 2052 ex
920 1998 1081 2080 quatuor
1112 1997 1285 2054 constare

274 2099 475 2171 videretur.
498 2101 629 2197 Neque
642 2099 795 2197 ignotus
813 2115 869 2171 est
888 2125 1000 2197 quem
1018 2098 1213 2172 Cabrolius
1230 2097 1285 2196 (4)

275 2219 316 2290 in
335 2218 536 2288 memorati
555 2213 779 2314 professoris
801 2241 909 2289 servo
933 2213 1067 2302 unum,
1096 2217 1166 2288 sed
1187 2217 1287 2288 mole

275 2332 482 2406 incredibili
499 2330 659 2410 offendit
682 2335 919 2405 incubantem
939 2336 1119 2406 uertebris
1147 2334 1286 2410 tunsae

274 2476 381 2524 rum:
400 2449 539 2546 quibus
558 2447 800 2521 inhaerentem
813 2453 952 2547 pariter
964 2451 1058 2524 vidit
1081 2458 1230 2524 unicum
1248 2467 1287 2524 et

273 2565 391 2658 valde
412 2566 580 2663 amplum
600 2567 666 2637 cel.
688 2566 958 2666 Fantonus.(5).
980 2569 1124 2640 Eodem
1146 2568 1289 2642 referes

276 2708 390 2784 quem
415 2687 455 2752 in
476 2684 603 2782 puella
629 2684 776 2755 anicula
796 2685 940 2757 invenit
959 2688 1092 2785 saepius
1110 2686 1286 2760 laudatus

274 2800 521 2897 Hallerusffi).
541 2805 664 2898 Atque
689 2817 729 2896 ut
744 2801 895 2873 redeam
915 2804 962 2882 ad
975 2805 1218 2893 vetustiores,
1238 2806 1285 2876 si-

273 2919 431 3017 mulque
453 2918 500 2990 ad
516 2918 611 2988 illud
638 2921 794 3016 propius
814 2921 1009 3010 accedam,
1029 2922 1135 3017 cujus
1164 2926 1284 3021 gratia

274 3061 358 3109 sum
377 3038 417 3106 in
431 3035 536 3106 hunc
556 3035 714 3134 longum
738 3060 951 3110 sermonem
976 3041 1187 3136 ingressus,
1207 3045 1281 3114 Ve-

274 3155 386 3244 salius
404 3153 457 3251 (7)
469 3154 669 3250 scripserat
686 3153 871 3226 interdum
892 3161 930 3225 in
951 3156 1170 3228 habentibus
1188 3183 1283 3230 uen-

329 3432 356 3512 1)
378 3437 423 3489 De
437 3435 553 3490 dissent.
571 3447 648 3510 part.
660 3455 743 3512 corp.
757 3439 838 3494 hum.
857 3441 877 3494 l.
892 3458 925 3511 a,
941 3459 966 3497 c.
981 3439 1026 3497 15.

380 3533 468 3584 Anat.
487 3531 556 3585 inst.
570 3532 590 3584 l.
607 3551 633 3587 1.

330 3527 361 3700 {i
382 3625 592 3680 Obsanat.1.
637 3692 639 3700 .
687 3683 693 3696 ,

330 3718 358 3796 4)
380 3721 581 3784 Obs.cit.14.

330 3813 360 3891 5)

380 3815 503 3871 Dissert.
518 3825 598 3868 anat.
614 3833 717 3870 renov.
733 3835 760 3886 7.

313 3433 341 3514 (1

313 3528 327 3608 t

315 3622 328 3699 t

315 3718 328 3797 t

314 3813 327 3890 t

317 3911 328 3974 t

316 4003 329 4082 t

330 3909 362 3986 6)
383 3913 494 3984 Opusc.
507 3907 621 3983 pathol.
635 3911 700 3966 obs.
718 3909 766 3985 59.
825 3951 829 3960 .

331 4005 361 4083 7)
382 4007 521 4082 Decorp
534 4005 617 4062 hum.
633 4004 710 4064 fabr.
724 4008 745 4063 l.
761 4002 795 4078 ὅ,
809 4025 835 4061 c
853 4023 898 4063 io.
