2946 4662
185 489 188 496 ·
272 453 344 536 qao
425 466 472 516 nr
498 467 644 517 sanutus
668 467 713 515 ar
739 467 863 516 ctus1s
889 469 1101 517 nonnosum

220 669 226 680 ι
270 599 351 657 tum
370 581 417 652 ad
434 580 693 668 subeundum,
713 596 794 652 tum
818 580 866 651 ad
889 581 1170 680 egrediendum.
1197 583 1275 653 Nec

270 725 331 772 me
351 699 532 797 praeterit,
554 698 692 796 quibus
715 699 976 789 instrumentis
998 699 1166 796 chirurgi
1185 723 1273 795 pos-

271 819 345 890 sint
364 833 508 915 partem
529 816 694 912 aliquam
714 817 900 912 meningis
919 818 1129 913 proximam
1151 840 1172 885 a
1199 815 1273 885 cal-

268 939 371 1007 varia
388 934 585 1017 diducere,
613 958 753 1030 aegrum
782 949 930 1020 autem,
957 934 1090 1031 spiritu
1122 957 1191 1031 per
1218 934 1274 1004 in·

269 1053 424 1126 tervalla
436 1051 624 1138 cohibito,
645 1051 894 1138 cohaerentem
910 1052 1105 1124 materiam
1119 1073 1273 1148 urgere,

267 1175 381 1271 eique
395 1171 599 1244 faciliorem
610 1195 654 1242 ex
665 1173 740 1244 suis
751 1171 960 1243 recessibus
973 1173 1113 1244 exitum
1131 1194 1273 1268 parare.

270 1289 344 1364 Sed
364 1291 526 1362 vicissim
556 1289 725 1387 pericula
757 1313 911 1387 quoque
934 1287 1066 1376 video,
1098 1314 1146 1359 ne
1179 1285 1274 1358 forte

268 1407 487 1503 meningem
506 1404 721 1493 avellend0‚
741 1404 839 1476 hanc
854 1404 1054 1503 chirurgus
1071 1405 1193 1492 laedat,
1209 1417 1274 1474 aut

268 1548 332 1596 vas
349 1521 503 1619 aliquod
528 1539 572 1593 ex
595 1523 639 1593 iis
660 1525 771 1594 etiam
791 1519 1010 1619 majusculis
1028 1522 1142 1592 violet
1159 1520 1273 1618 paulo

268 1657 354 1714 ante
369 1641 605 1729 memoratu,
618 1664 699 1736 quac
715 1665 783 1737 per
791 1641 1014 1712 exteriorem
1028 1639 1128 1710 illius
1139 1637 1270 1712 faciem

267 1759 543 1860 prominentia,
558 1759 657 1830 intra
677 1757 842 1868 calyariae
858 1781 1028 1829 ramosos
1045 1757 1130 1829 illos
1147 1757 1271 1830 sulcos

254 1879 387 1974 ,excipi
407 1877 525 1948 nosti:
545 1901 668 1972 neque
688 1877 780 1948 'istos
802 1901 880 1946 non
908 1877 1026 1947 timeo
1056 1877 1270 1974 aegrotantis

268 2010 446 2081 conatus,
468 1995 498 2065 si
524 1991 639 2064 modo
660 1994 841 2088 imperata
858 1993 1012 2082 audire,
1045 2007 1082 2064 et
1101 1991 1223 2065 lacere
1240 1994 1272 2064 is

267 2113 401 2210 possit,
421 2135 564 2208 neque,
580 2124 621 2180 ut
643 2109 769 2197 multi,
790 2111 869 2181 sine
895 2133 1008 2182 sensu
1029 2125 1066 2181 et
1090 2126 1197 2182 motu
1218 2125 1274 2181 at·-

266 2229 408 2302 tonitus
422 2228 552 2324 jaceat.
572 2225 748 2298 Cohibito
763 2227 865 2298 enim
892 2227 1028 2325 spiritu
1042 2225 1134 2298 dum
1147 2226 1271 2298 homi·

262 2371 331 2419 nes
355 2346 625 2430 connituntur,
645 2343 731 2441 plus
757 2345 947 2441 sanguinis
969 2345 1009 2416 in
1036 2347 1157 2443 capite
1183 2346 1268 2418 reti·
1296 2387 1298 2392 ·

255 2461 436 2552 'neri‚vel
454 2457 546 2530 facie
570 2483 703 2530 corum
728 2461 915 2557 inspecta,
946 2486 991 2533 eo
1014 2477 1185 2560 tempore
1210 2478 1270 2535 tu·

263 2595 390 2652 mente
417 2591 453 2646 et
473 2574 656 2663 rubente,
675 2567 921 2649 manifestum
953 2593 1028 2666 est,
1057 2580 1133 2651 sive
1164 2579 1270 2678 quod

263 2695 433 2791 undique
453 2709 544 2763 tunc
567 2691 692 2762 minus
713 2691 932 2790 expeditus,
962 2695 1102 2768 otiante
1139 2696 1271 2768 videli-

262 2827 322 2886 cet
339 2809 543 2909 pulmone,
566 2823 622 2880 est
650 2810 843 2906 sanguinis
868 2810 1035 2897 reditus,
1061 2813 1137 2885 sive
1156 2817 1268 2886 etiam

259 2928 310 3002 ob
331 2952 414 3000 cam
434 2951 548 3024 quam
581 2925 738 2998 credidit
768 2929 1090 3026 Santorinus(1)‚
1118 2945 1182 3002 aut
1212 2933 1263 3004 ob

260 3046 371 3122 aliam
389 3045 554 3142 aliquam
578 3043 853 3140 ejusdemmodi
877 3069 1043 3136 causam,
1069 3049 1181 3146 capiti
1199 3074 1268 3147 pe·
1349 3100 1353 3105 -

259 3165 451 3236 culiarem.
483 3164 614 3258 ltaque
637 3161 782 3234 cerebri
811 3163 1051 3262 turgentibus
1078 3167 1192 3255 vasis,
1211 3183 1267 3239 te·-

259 3283 345 3354 nuis
360 3281 516 3352 meninx
534 3278 706 3377 undique
720 3279 767 3351 ad
784 3305 943 3354 crassam
961 3297 1138 3380 urgetur,
1164 3299 1201 3356 et
1217 3287 1266 3356 si·

258 3400 353 3497 quid
372 3398 544 3469 humoris
572 3400 670 3471 inter
694 3398 815 3489 hanc,
842 3413 879 3470 et
897 3401 1068 3472 cranium
1091 3399 1187 3476 forte
1207 3405 1265 3474 in-

255 3515 435 3602 tercedit,
448 3514 488 3585 id
505 3540 582 3612 quo
603 3517 729 3586 minor
747 3517 958 3588 resistentia
970 3532 1046 3608 est,
1072 3543 1141 3616 per
1157 3543 1265 3618 aper·

255 3633 388 3705 tumin
406 3631 480 3704 hoc
499 3628 668 3704 foramen
689 3631 858 3721 eliditur,
872 3632 902 3704 si
922 3633 1078 3730 quidem
1097 3627 1262 3711 huonon

293 4005 338 4084 (1)
354 4007 426 4064 Oba.
445 4018 522 4066 auat.
542 4027 567 4064 c.
582 4009 598 4064 3
614 4007 647 4066 in
658 4007 709 4065 fin.
