2872 4660
184 509 250 556 ms.
280 509 333 557 ιιι.
363 511 410 558 on
436 509 572 560 uonms
591 512 758 576 vnnrnrs,
784 473 895 562 nrisr.
916 515 1042 562 xnvm.
1094 491 1145 592 69

131 625 236 714 lum,
254 641 295 698 ut
303 627 461 724 jacentis
470 653 553 716 cor,
566 642 772 725 uterusque
781 654 868 700 mox
881 633 1026 727 possint
1036 631 1142 730 quod

132 745 300 818 sedentis
321 761 603 845 nonpoterant.
617 747 689 818 Sed
708 747 747 817 in
765 748 849 819 illas
865 747 912 819 de
931 749 1069 846 quibus
1089 751 1142 822 di-

134 863 337 952 cebamus,
354 889 552 962 nunquam
574 890 653 935 non
679 865 1015 962 pertimescendas,
1045 870 1144 940 anci·

134 980 225 1078 pitis
255 979 539 1054 deliberationis
568 983 757 1081 angustias
781 983 1143 1084 medicos'persaepe

135 1097 291 1170 adducit
332 1098 584 1198 improbanda
630 1098 880 1174 obstetricum
929 1101 1142 1198 festinatio,

136 1239 266 1296 earum
292 1214 378 1288 dico
393 1241 500 1314 quae,
518 1217 663 1290 levibus
686 1217 882 1291 doloribus
899 1221 961 1291 vix
977 1219 1145 1312 obortis,

137 1349 279 1432 cogunt
309 1337 560 1433 parturientes
585 1339 837 1435 praeproperis
859 1337 1057 1410 conatibus
1075 1335 1145 1410 foe·

135 1467 217 1524 tum
237 1453 383 1550 ejicere.
405 1457 547 1528 Natura
567 1455 669 1525 enim
688 1454 867 1552 paulatim
885 1457 1013 1526 omnia
1031 1470 1069 1529 et
1086 1480 1146 1554 pe·

135 1569 319 1644 detentim
345 1572 393 1643 ad
424 1569 570 1645 lacilem
598 1587 750 1671 partum
785 1571 1016 1671 disponens,
1047 1573 1146 1645 uteri

135 1713 293 1788 quoque
316 1713 403 1762 cum
422 1690 594 1788 placenta
620 1714 760 1778 nexus,
790 1692 821 1762 si
840 1705 991 1788 tempus
1012 1689 1142 1778 detur,

135 1805 383 1904 procliviores
403 1807 450 1878 ad
471 1808 746 1904 sejunctionem
765 1804 870 1894 facit,
895 1805 973 1879 imo
994 1823 1036 1880 ut
1055 1832 1145 1880 con·

132 1925 331 2020 junxerat,
342 1926 402 2001 ,sic
414 1926 495 2024 ipsa
511 1925 699 1998 dissolvit:
719 1941 757 1997 at
776 1927 806 1999 si
823 1950 902 1997 non
918 1926 1053 2016 datur;
1074 1931 1144 2000 cir·

137 2067 226 2114 cum
257 2041 384 2115 addita
412 2045 604 2141 sanguinis
634 2046 743 2140 copia
783 2044 902 2142 magis
935 2043 1143 2144 adstringit.

137 2163 262 2251 Quem
282 2174 373 2232 tunc
395 2185 474 2259 quo
495 2162 641 2258 impetu
657 2185 737 2232 non
758 2159 849 2231 illuc
869 2159 1005 2248 modo,
1022 2160 1087 2232 sed
1105 2168 1147 2234 'et

136 2277 210 2350 alio
229 2278 449 2376 compellat,
476 2279 562 2350 satis
593 2277 759 2350 ostendit
772 2275 910 2349 femina
927 2277 990 2348 illa
1006 2277 1062 2374 (ι)
1084 2277 1146 2349 cui

137 2402 235 2467 inter
244 2412 384 2496 portus
415 2397 577 2483 labores,
604 2421 654 2468 ex
677 2402 761 2468 nim
774 2398 938 2488 fortiori
961 2409 999 2467 et
1015 2373 1145 2466 intem·

132 2520 295 2612 pestr'vo,
315 2530 428 2614 rupto
440 2515 559 2614 ‚plexu
576 2513 774 2605 choroide,
790 2529 937 2588 tantum
950 2514 1145 2612 sanguinis

136 2629 300 2704 effusum
320 2647 392 2722 est,
417 2647 461 2704 ut
480 2634 668 2706 cerebrum
696 2638 735 2701 in
758 2646 955 2730 angustum
979 2629 1147 2703 notabile

136 2755 303 2849 spatium
329 2755 595 2850 comprimens,
628 2748 804 2822 lethalem
832 2748 1023 2830 induxerit
1051 2772 1146 2848 apo-

138 2867 313 2966 plenium.

186 2986 245 3060 30.
264 2987 377 3058 Gravi
392 3010 545 3085 quoque
561 2984 858 3084 reprehensione
873 2983 1013 3056 eaedem
1028 2981 1147 3056 ohste

134 3105 247 3178 trices
260 3119 349 3176 sunt
360 3103 501 3204 dignae,
519 3129 606 3176 cum
621 3102 714 3174 adeo
730 3117 957 3201 properant,
977 3116 1019 3172 ut
1034 3125 1147 3174 mem·

135 3221 296 3298 brancas
324 3221 508 3312 secundas
535 3223 622 3322 ipsae
644 3204 912 3320 perrumpant,
946 3218 1148 3318 quodnisi

136 3355 296 3439 urgente
325 3339 451 3438 aliqua
474 3339 715 3423 necessitate,
743 3351 783 3409 ut
804 3353 895 3436 puta
923 3339 953 3409 si
972 3336 1146 3409 crassitu-

137 3455 326 3546 dine„aut
340 3455 477 3528 d'uritie
493 3481 536 3528 ea
546 3441 640 3545 sirit,
658 3481 740 3554 quae
755 3470 906 3554 partum
919 3509 929 3544 ,
944 3455 1022 3552 jam
1039 3450 1147 3528 facile

137 3574 311 3674 alioquin
330 3589 624 3674 proventurum,
655 3571 822 3662 diutius,
845 3597 917 3646 nec
936 3573 1016 3644 sine
1044 3571 1147 3670 peri·

141 3693 258 3782 culo,
289 3706 507 3780 morentur,
522 3731 524 3738 ,
538 3689 754 3778 laciendum
774 3715 854 3764 non
872 3715 951 3764 esse
972 3685 1149 3761 manifes-

178 4045 223 4126 (ι)
245 4049 314 4106 Act.
328 4048 367 4106 tt.
378 4049 411 4107 C·
425 4057 498 4105 tora.
514 4067 545 4122 ι,
561 4048 627 4106 obt.
640 4052 710 4118 alr.
