2928 4664
191 436 259 482 mu
276 436 325 482 rr.
340 435 387 482 nr
400 431 742 500 nonsummum„
758 425 827 484 etc.
841 434 953 484 nrrsr.
972 437 1044 484 mv.
1073 413 1140 487 561

144 549 307 622 senterio
327 549 426 618 iutra
443 546 641 620 thoracem
666 549 793 620 inveni
818 547 987 620 traducta
1004 575 1073 647 per
1091 548 1149 622 fo·-

143 689 274 738 rainen
302 691 323 736 a
352 680 486 737 natura
519 648 722 736 forma-tum
748 667 788 738 in
817 665 1100 772 diaphragmate
1128 693 1150 739 a

144 783 259 856 latere
279 784 432 856 sinistro
450 781 644 856 foraminis
656 783 768 880 gnlae,
781 807 826 852 ex
839 785 938 881 Lips.
951 787 1050 858 Actis
1063 791 1150 858 Eru-

144 901 312 974 ditorum
335 904 392 1000 (ι)
423 922 637 997 cognosces.
669 903 700 969 A
729 914 861 970 natura
892 925 1047 998 quoque
1071 905 1152 1002 ipsa

146 1017 316 1092 fissuram
329 1017 622 1117 diaphragmatis
641 1013 776 1090 factam
800 1041 880 1090 esse
904 1018 1151 1111 crediderim,
1192 1021 1197 1029 '

146 1161 215 1236 per
235 1161 347 1234 quam
360 1137 398 1206 in
415 1133 507 1207 foetu
521 1135 795 1224 ventriculum,
810 1135 969 1220 lienem,
988 1152 1153 1235 partem-

146 1281 221 1352 que
237 1255 399 1352 hepatis,
432 1251 602 1326 duodeni
627 1254 818 1342 intestini,
850 1270 887 1326 et
915 1257 1059 1326 omenti
1077 1271 1153 1328 tra-⁴

145 1372 295 1444 ductam
306 1371 399 1442 vidit
414 1371 459 1442 cl.
478 1369 756 1467 stepelinum)
769 1373 808 1442 in
821 1371 988 1445 thoracis
1001 1399 1153 1446 caveam

146 1491 355 1578 sinistram3
378 1490 452 1576 sic,
472 1490 648 1586 inquam,
670 1488 919 1580 crediderim,
938 1515 1025 1563 curn
1046 1494 1155 1564 sinis-

145 1621 203 1680 ter
219 1607 351 1706 pulmo
369 1633 449 1682 uno
461 1603 645 1680 'duntaxat
664 1633 709 1679 ex
723 1607 815 1679 lohe
841 1625 1049 1698 constaret,
1067 1611 1156 1683 dere

146 1741 307 1822 teroque
328 1743 424 1798 esset
438 1727 561 1824 triplo·
574 1727 712 1796 minor.
730 1727 859 1798 Sciens
872 1744 1054 1824 praetereo
1072 1755 1156 1826 qum

146 1845 290 1916 viscera
329 1843 471 1915 ventris
507 1844 546 1914 in
586 1842 741 1914 thorace
778 1843 940 1914 aliorum
976 1841 1156 1938 foetuum,

148 1961 291 2057 quippe
305 1983 461 2057 prorsus
478 1975 801 2050 monstrosorum,
823 1963 923 2033 suilli
939 1965 1073 2051 unius,
1092 1964 1161 2036 hu·

147 2102 349 2150 manorum
361 2075 541 2165 duorum,
559 2079 829 2176 conspexerint
843 2103 1056 2176 anonymus
1071 2083 1157 2178 qui-

149 2193 237 2271 dam
264 2194 336 2293 (3),
371 2199 575 2292 Lemeryus
599 2195 675 2292 (4),
707 2199 908 2293 Vernoyus
926 2195 1002 2292 (5),
1022 2213 1060 2272 et
1077 2198 1157 2270 dia·

147 2311 332 2412 phragma
347 2311 424 2384 fere
435 2338 568 2386 omnes
580 2310 824 2411 perforatum.
837 2317 1043 2412 Susceptus
1055 2317 1157 2385 enirn

149 2453 276 2506 serino
305 2432 491 2530 postulat,
519 2447 561 2504 ut
580 2431 627 2504 ad
654 2457 696 2503 ea
720 2455 880 2530 corpora
911 2432 1051 2550 quibus
1079 2457 1157 2504 non

148 2551 269 2648 prima
298 2546 571 2630 conformatio,
591 2549 659 2626 sed
681 2547 807 2622 morbi
824 2552 895 2637 vis,
936 2565 973 2624 et
1001 2551 1158 2623 vulnere

148 2670 370 2764 pracsertim,
382 2669 654 2758 ventriculum,
670 2684 734 2740 aut
746 2669 869 2742 viscus
886 2667 989 2741 aliud
1001 2667 1158 2768 aliquod

149 2781 384 2856 traduxerint
400 2789 440 2855 in
459 2787 676 2871 thoracem,
690 2802 935 2858 revertamur.

204 2921 257 2968 ra.
276 2901 401 2969 Littrii
417 2900 475 2996 (6)
493 2902 707 2974 observatio
728 2901 920 2974 difficilem
942 2904 1159 3000 respiratio·

151 3039 255 3103 nem,
273 3031 310 3087 et
320 3015 494 3103 crebros,
512 3019 577 3090 sed
593 3019 924 3106 irritos,vomendi
941 3034 1098 3090 conatus
1117 3021 1158 3090 in

151 3125 244 3208 cane
265 3131 558 3222 fuisse-indicat,
578 3134 685 3230 cujus
704 3134 937 3206 ventriculus
964 3134 1158 3212 thoracem

152 3536 161 3546 ‚
258 3477 316 3532 An.
334 3490 426 3546 1702,
440 3492 480 3530 m.
493 3472 642 3530 decembr.

257 3577 391 3632 Teutam.
405 3573 512 3630 medie.
528 3575 570 3629 th.
587 3574 615 3630 3.
669 3559 672 3565 ’
770 3583 778 3593 ’

147 3657 158 3682 ¹
260 3675 380 3732 Zodiac.
396 3673 502 3731 medic.
517 3674 586 3750 gall.
597 3676 735 3742 A.4‚m.
749 3669 919 3741 febr.‚0bs.
938 3681 985 3740 14.
1060 3668 1063 3675 '

149 3761 159 3770 ¹
174 3771 178 3784 '
258 3777 348 3831 Mem.
361 3776 399 3831 de
410 3774 522 3830 I‘Acad.
536 3792 600 3848 roy.
616 3774 667 3830 des
680 3773 728 3828 Sc.
740 3813 748 3839 ‚
760 3785 809 3827 an.
824 3777 910 3841 1724.

146 3881 152 3890 “
259 3873 532 3930 Commentdcad.
551 3873 598 3930 Sc.
611 3873 683 3947 imp.
699 3871 867 3946 Petropol.,
885 3881 957 3926 tom.
975 3869 1003 3926 3.

149 4009 158 4028 .
259 3973 336 4032 Hist.
350 3975 388 4034 de
401 3972 514 4032 l’hced.
526 3991 592 4050 roy.
607 3973 659 4032 des
672 3973 741 4046 Se,
755 3989 803 4030 an.
821 3969 908 4046 1706,
921 3971 986 4029 obs.
1000 3979 1080 4028 anat.
1096 3989 1143 4030 ιο.
