2828 4652
316 395 384 496 178
482 412 529 464 nn
555 411 701 463 nunnus
725 415 770 464 nn
794 407 920 466 cinus
945 409 1156 466 uonnouuu

309 534 449 639 quibus
466 529 609 602 Plinius
618 543 675 602 tot
691 551 765 602 suae
774 533 903 604 Natun
917 531 1093 604 Historiae
1103 533 1198 607 locis
1218 552 1319 610 acce·

307 657 385 757 pit,
411 677 493 752 quae
510 653 675 738 semina,
697 665 762 721 aut
787 645 949 740 radices,
968 665 1033 722 aut
1051 650 1195 742 herbae,
1214 674 1319 728 resve

306 775 385 846 aliae
412 783 537 844 essent
555 767 666 840 utiles
687 767 734 838 ad
762 767 940 842 sudorem
962 769 1152 846 ciendum.
1185 775 1318 871 Neque

306 889 425 964 Arabs
450 901 530 960 erat
549 883 861 976 Andromachus,
893 913 940 959 ex
964 897 1041 985 quo
1072 889 1242 962 Galenus
1262 891 1319 989 (ι)
1402 935 1403 970 2

307 1007 523 1081 antidotum
541 1005 740 1104 deleripsit
771 1018 854 1103 quae
873 1005 984 1076 ctiam
1015 1003 1318 1080 febricitantibus
1402 1009 1403 1084 ἒ

303 1127 484 1213 daretur,
516 1123 748 1221 multumque
777 1135 941 1193 moveret
960 1123 1159 1196 sudorem:
1191 1150 1317 1224 neque

302 1241 496 1315 Oribasius
507 1239 580 1340 (o),
591 1263 718 1338 neque
731 1240 860 1311 Aetius
874 1239 949 1336 (3),
968 1252 1094 1338 neque
1109 1242 1250 1315 Paulus
1261 1238 1316 1340 (ll)

303 1379 349 1433 ex
364 1357 541 1448 Arabica,
561 1353 626 1431 sed
639 1381 685 1430 ex
703 1361 830 1430 Graeca
852 1357 989 1430 Schola
1010 1361 1233 1450 extiterunt5
1252 1387 1317 1434 eo·
1402 1383 1403 1440 l

301 1499 389 1551 rum
418 1493 545 1549 tamen
574 1499 688 1548 nemo
709 1475 876 1550 remedia
897 1493 1199 1550 commemorare
1220 1482 1319 1550 oml-

302 1597 370 1685 sit,
390 1593 531 1693 quibus
550 1593 759 1682 devoratis,
785 1605 850 1665 aut
865 1596 985 1692 epotis
1009 1593 1168 1668 sudores
1194 1598 1318 1668 cican-

301 1719 386 1785 lur:
415 1714 508 1811 quin
544 1712 624 1783 duo
649 1710 773 1782 ultimi
800 1712 990 1810 peculiare
1020 1712 1068 1784 de
1103 1713 1317 1788 sudorificit

300 1845 414 1930 eaput
433 1830 704 1928 conscripsere.
725 1831 805 1901 Nec
824 1850 917 1901 vero
935 1828 1014 1901 haec
1032 1829 1317 1931 eodico,quod

299 1961 430 2050 putem
451 1946 583 2020 iisdem
619 1945 778 2018 eruditis
799 1947 890 2019 viris
913 1971 993 2018 non
1017 1968 1122 2047 aequc
1149 1975 1199 2022 oc.
1218 1952 1316 2023 inibi

298 2089 377 2139 esse
398 2079 510 2154 nota,
529 2063 645 2136 sedut
659 2061 846 2162 intelligas
868 2065 989 2137 nimio
1011 2081 1112 2138 certa
1139 2067 1314 2166 quedam

296 2182 464 2256 remedio
485 2179 730 2280 improbandi
758 2181 881 2254 studio
904 2183 1108 2283 aliquando
1134 2184 1242 2272 lieri,⁴
1273 2199 1315 2262 ut

297 2327 431 2374 eorum
444 2323 528 2398 quoe
547 2297 667 2398 probe
686 2299 846 2388 scimus,
872 2299 981 2374 obliti
1002 2327 1082 2376 esse
1099 2303 1310 2378 videamun

347 2443 405 2491 αι.
429 2421 562 2513 Itaque
579 2417 618 2486 in
645 2413 806 2488 febrium
824 2417 1046 2517 epidemlcis
1069 2421 1295 2496 constitutio

296 2535 411 2608 nibus
427 2531 626 2631 prudentis
644 2533 782 2606 medici
790 2549 846 2608 cst
859 2537 955 2608 nulli
968 2538 1216 2637 praejudleatae
1230 2538 1314 2640 opi·

296 2652 406 2724 nioni
426 2649 619 2722 mordicus
628 2651 913 2742 odhoecere,sed
927 2678 1041 2755 perse
1064 2669 1205 2728 attente
1225 2659 1313 2730 ani·

296 2769 532 2843 madvertcre
563 2791 642 2868 quo
669 2778 800 2868 vergat
829 2787 985 2861 notura,
1010 2797 1136 2872 neque
1159 2799 1206 2846 ex
1228 2794 1311 2848 uno

298 2887 583 2976 observatione,
597 2899 660 2958 aut
681 2885 837 2962 fortuita
854 2877 1050 2964 curatione
1063 2892 1164 2990 ¹quid
1182 2895 1309 2965 in-cae·

296 3007 387 3079 teris
411 3005 458 3076 sit
478 3001 714 3093 faciendum,
736 3008 958 3081 existimare.
976 3009 1065 3081 Vidi
1081 3027 1153 3107 ego
1170 3011 1309 3084 mulie·

295 3145 377 3196 tem
392 3119 489 3193 febri
499 3121 680 3192 continua
696 3121 950 3216 laborantem,
970 3148 1085 3226 quem
1105 3153 1125 3200 e
1145 3127 1307 3202 brachio

333 3465 378 3544 (ι)
399 3467 444 3522 De
461 3483 594 3542 compos.
606 3467 761 3526 medicem.
775 3487 833 3528 tec.
847 3471 927 3542 loco,
953 3511 962 3530 .
976 3472 1010 3543 8,
1022 3492 1048 3552 ς.
1061 3490 1090 3544 7.

332 3565 378 3642 (o)
399 3567 508 3624 Medic.
523 3569 638 3624 collect.
651 3569 672 3623 1.
688 3569 720 3640 8,
736 3589 762 3626 c.
778 3589 829 3642 17,
843 3583 873 3628 et
886 3571 923 3628 de
930 3572 1000 3629 virt.
1013 3573 1110 3650 simpl.
1124 3574 1179 3630 ubi
1191 3574 1228 3630 de
1244 3574 1304 3630 Ca-

291 3667 446 3726 lamintha.

332 3766 377 3844 (3)
396 3765 506 3822 Medic.
519 3765 670 3823 tetrabibl.
682 3785 709 3837 1,
722 3785 809 3826 serm.
819 3789 831 3827 1
843 3770 898 3828 ubi
908 3771 947 3829 de
958 3770 1031 3845 ead,
1041 3783 1072 3828 et
1082 3789 1171 3830 serm.
1185 3769 1212 3846 3,
1224 3793 1251 3830 c.
1260 3772 1302 3838 48

289 3879 319 3927 cl
335 3866 400 3937 157.

328 3965 372 4045 (1,)
393 3966 439 4024 De
456 3982 489 4022 re
505 3963 584 4024 med.-
600 3965 622 4023 l.
638 3984 673 4042 1,
688 3985 714 4024 c.
731 3965 780 4040 484
