<?xml version="1.0" encoding="UTF-8"?>
<!DOCTYPE html PUBLIC "-//W3C//DTD XHTML 1.0 Transitional//EN"
    "http://www.w3.org/TR/xhtml1/DTD/xhtml1-transitional.dtd">
<html xmlns="http://www.w3.org/1999/xhtml" xml:lang="en" lang="en">
 <head>
  <title>
</title>
<meta http-equiv="Content-Type" content="text/html;charset=utf-8" />
  <meta name='ocr-system' content='tesseract 3.04.00' />
  <meta name='ocr-capabilities' content='ocr_page ocr_carea ocr_par ocr_line ocrx_word'/>
</head>
<body>
  <div class='ocr_page' id='page_1' title='image "./desedibusetcaus03adelgoog_0366.png"; bbox 0 0 2854 4660; ppageno 0'>
   <div class='ocr_carea' id='block_1_1' title="bbox 271 367 1127 468">
    <p class='ocr_par' dir='ltr' id='par_1_1' title="bbox 271 367 1127 468">
     <span class='ocr_line' id='line_1_1' title="bbox 271 367 1127 468; baseline -0.006 -29"><span class='ocrx_word' id='word_1_1' title='bbox 271 367 360 450; x_wconf 46' lang='lat'><strong>360,</strong></span> <span class='ocrx_word' id='word_1_2' title='bbox 437 389 483 434; x_wconf 80' lang='lat' dir='ltr'><strong>nn</strong></span> <span class='ocrx_word' id='word_1_3' title='bbox 509 384 656 434; x_wconf 78' lang='lat' dir='ltr'><strong>annisus</strong></span> <span class='ocrx_word' id='word_1_4' title='bbox 680 386 725 432; x_wconf 81' lang='lat' dir='ltr'><strong>nr</strong></span> <span class='ocrx_word' id='word_1_5' title='bbox 750 383 874 434; x_wconf 74' lang='lat' dir='ltr'><strong>causis</strong></span> <span class='ocrx_word' id='word_1_6' title='bbox 898 385 1127 468; x_wconf 24' lang='lat' dir='ltr'><strong>nonnonun·</strong></span> 
     </span>
    </p>
   </div>
   <div class='ocr_carea' id='block_1_2' title="bbox 165 499 1286 4020">
    <p class='ocr_par' dir='ltr' id='par_1_2' title="bbox 165 499 1284 1397">
     <span class='ocr_line' id='line_1_2' title="bbox 165 499 1283 602; baseline 0.003 -31"><span class='ocrx_word' id='word_1_7' title='bbox 165 503 172 516; x_wconf 67' lang='lat'><em>¹</em></span> <span class='ocrx_word' id='word_1_8' title='bbox 268 503 490 602; x_wconf 83' lang='lat' dir='ltr'><strong>vigesimum</strong></span> <span class='ocrx_word' id='word_1_9' title='bbox 507 499 727 572; x_wconf 89' lang='lat' dir='ltr'><strong>secundum.</strong></span> <span class='ocrx_word' id='word_1_10' title='bbox 750 501 887 570; x_wconf 83' lang='lat' dir='ltr'><strong>Granio</strong></span> <span class='ocrx_word' id='word_1_11' title='bbox 906 501 1178 598; x_wconf 75' lang='lat' dir='ltr'><strong>integumentis</strong></span> <span class='ocrx_word' id='word_1_12' title='bbox 1197 526 1283 600; x_wconf 91' lang='lat' dir='ltr'><strong>spo-</strong></span> 
     </span>
     <span class='ocr_line' id='line_1_3' title="bbox 272 617 1282 722; baseline 0 -32"><span class='ocrx_word' id='word_1_13' title='bbox 272 621 383 708; x_wconf 90' lang='lat' dir='ltr'><strong>liato,</strong></span> <span class='ocrx_word' id='word_1_14' title='bbox 396 617 698 690; x_wconf 84' lang='lat' dir='ltr'><strong>animadversum</strong></span> <span class='ocrx_word' id='word_1_15' title='bbox 714 631 786 704; x_wconf 91' lang='lat' dir='ltr'><strong>est,</strong></span> <span class='ocrx_word' id='word_1_16' title='bbox 806 641 906 714; x_wconf 90' lang='lat' dir='ltr'><strong>pone</strong></span> <span class='ocrx_word' id='word_1_17' title='bbox 922 643 1052 722; x_wconf 77' lang='lat' dir='ltr'><strong>aurem</strong></span> <span class='ocrx_word' id='word_1_18' title='bbox 1066 619 1282 709; x_wconf 87' lang='lat' dir='ltr'><strong>dexteram,</strong></span> 
     </span>
     <span class='ocr_line' id='line_1_4' title="bbox 271 733 1283 834; baseline 0.002 -27"><span class='ocrx_word' id='word_1_19' title='bbox 271 762 345 834; x_wconf 87' lang='lat' dir='ltr'><strong>qua</strong></span> <span class='ocrx_word' id='word_1_20' title='bbox 363 739 434 808; x_wconf 85' lang='lat' dir='ltr'><strong>icta</strong></span> <span class='ocrx_word' id='word_1_21' title='bbox 456 733 599 822; x_wconf 85' lang='lat' dir='ltr'><strong>fuerat,</strong></span> <span class='ocrx_word' id='word_1_22' title='bbox 617 733 843 806; x_wconf 89' lang='lat' dir='ltr'><strong>lambdoidis</strong></span> <span class='ocrx_word' id='word_1_23' title='bbox 862 750 998 806; x_wconf 84' lang='lat' dir='ltr'><strong>suturae</strong></span> <span class='ocrx_word' id='word_1_24' title='bbox 1026 735 1160 814; x_wconf 89' lang='lat' dir='ltr'><strong>dentes</strong></span> <span class='ocrx_word' id='word_1_25' title='bbox 1182 739 1283 808; x_wconf 87' lang='lat' dir='ltr'><strong>inter</strong></span> 
     </span>
     <span class='ocr_line' id='line_1_5' title="bbox 184 852 1283 950; baseline -0.002 -24"><span class='ocrx_word' id='word_1_26' title='bbox 184 859 208 884; x_wconf 66' lang='lat'>⁸</span> <span class='ocrx_word' id='word_1_27' title='bbox 272 879 309 926; x_wconf 89' lang='lat' dir='ltr'><strong>se</strong></span> <span class='ocrx_word' id='word_1_28' title='bbox 323 879 401 927; x_wconf 90' lang='lat' dir='ltr'><strong>esse</strong></span> <span class='ocrx_word' id='word_1_29' title='bbox 419 852 650 950; x_wconf 83' lang='lat' dir='ltr'><strong>disjunctos,</strong></span> <span class='ocrx_word' id='word_1_30' title='bbox 676 876 720 922; x_wconf 85' lang='lat' dir='ltr'><strong>ex</strong></span> <span class='ocrx_word' id='word_1_31' title='bbox 745 877 956 949; x_wconf 89' lang='lat' dir='ltr'><strong>eorumque</strong></span> <span class='ocrx_word' id='word_1_32' title='bbox 977 853 1190 925; x_wconf 88' lang='lat' dir='ltr'><strong>interstitiis</strong></span> <span class='ocrx_word' id='word_1_33' title='bbox 1209 854 1283 926; x_wconf 83' lang='lat' dir='ltr'><strong>levi</strong></span> 
     </span>
     <span class='ocr_line' id='line_1_6' title="bbox 269 968 1284 1072; baseline -0.001 -29"><span class='ocrx_word' id='word_1_34' title='bbox 269 973 471 1072; x_wconf 28' lang='lat' dir='ltr'><strong>pressione,</strong></span> <span class='ocrx_word' id='word_1_35' title='bbox 481 968 667 1041; x_wconf 86' lang='lat' dir='ltr'><strong>tantillum</strong></span> <span class='ocrx_word' id='word_1_36' title='bbox 685 971 800 1042; x_wconf 89' lang='lat' dir='ltr'><strong>serosi</strong></span> <span class='ocrx_word' id='word_1_37' title='bbox 815 969 987 1042; x_wconf 90' lang='lat' dir='ltr'><strong>humoris</strong></span> <span class='ocrx_word' id='word_1_38' title='bbox 997 970 1164 1068; x_wconf 90' lang='lat' dir='ltr'><strong>prodire.</strong></span> <span class='ocrx_word' id='word_1_39' title='bbox 1178 975 1284 1042; x_wconf 86' lang='lat' dir='ltr'><strong>Intra</strong></span> 
     </span>
     <span class='ocr_line' id='line_1_7' title="bbox 270 1084 1284 1185; baseline -0.003 -24"><span class='ocrx_word' id='word_1_40' title='bbox 270 1089 441 1161; x_wconf 89' lang='lat' dir='ltr'><strong>cranium</strong></span> <span class='ocrx_word' id='word_1_41' title='bbox 475 1103 600 1160; x_wconf 88' lang='lat' dir='ltr'><strong>autem</strong></span> <span class='ocrx_word' id='word_1_42' title='bbox 632 1084 679 1156; x_wconf 88' lang='lat' dir='ltr'><strong>ad</strong></span> <span class='ocrx_word' id='word_1_43' title='bbox 709 1087 886 1158; x_wconf 89' lang='lat' dir='ltr'><strong>eumdem</strong></span> <span class='ocrx_word' id='word_1_44' title='bbox 917 1087 1043 1172; x_wconf 77' lang='lat' dir='ltr'><strong>locum</strong></span> <span class='ocrx_word' id='word_1_45' title='bbox 1079 1089 1284 1185; x_wconf 91' lang='lat' dir='ltr'><strong>paululum</strong></span> 
     </span>
     <span class='ocr_line' id='line_1_8' title="bbox 271 1203 1284 1305; baseline 0 -25"><span class='ocrx_word' id='word_1_46' title='bbox 271 1208 463 1305; x_wconf 85' lang='lat' dir='ltr'><strong>sanguinis</strong></span> <span class='ocrx_word' id='word_1_47' title='bbox 480 1203 684 1304; x_wconf 81' lang='lat' dir='ltr'><strong>stagnabat.</strong></span> <span class='ocrx_word' id='word_1_48' title='bbox 712 1209 895 1277; x_wconf 78' lang='lat' dir='ltr'><strong>Caeterum</strong></span> <span class='ocrx_word' id='word_1_49' title='bbox 914 1207 1046 1276; x_wconf 90' lang='lat' dir='ltr'><strong>omnio</strong></span> <span class='ocrx_word' id='word_1_50' title='bbox 1067 1230 1204 1276; x_wconf 88' lang='lat' dir='ltr'><strong>sanum</strong></span> <span class='ocrx_word' id='word_1_51' title='bbox 1223 1232 1284 1280; x_wconf 89' lang='lat' dir='ltr'><strong>ce-</strong></span> 
     </span>
     <span class='ocr_line' id='line_1_9' title="bbox 270 1321 525 1397; baseline -0.012 0"><span class='ocrx_word' id='word_1_52' title='bbox 270 1325 425 1397; x_wconf 87' lang='lat' dir='ltr'><strong>rebrum</strong></span> <span class='ocrx_word' id='word_1_53' title='bbox 445 1321 525 1394; x_wconf 89' lang='lat' dir='ltr'><strong>fuit.</strong></span> 
     </span>
    </p>

    <p class='ocr_par' dir='ltr' id='par_1_3' title="bbox 270 1439 1286 2598">
     <span class='ocr_line' id='line_1_10' title="bbox 322 1439 1286 1538; baseline 0 -24"><span class='ocrx_word' id='word_1_54' title='bbox 322 1444 377 1514; x_wconf 76' lang='lat'><strong>26.</strong></span> <span class='ocrx_word' id='word_1_55' title='bbox 400 1447 417 1511; x_wconf 87' lang='lat' dir='ltr'><strong>J</strong></span> <span class='ocrx_word' id='word_1_56' title='bbox 422 1442 552 1512; x_wconf 84' lang='lat' dir='ltr'><strong>avenis</strong></span> <span class='ocrx_word' id='word_1_57' title='bbox 568 1439 704 1510; x_wconf 89' lang='lat' dir='ltr'><strong>baculo</strong></span> <span class='ocrx_word' id='word_1_58' title='bbox 718 1463 918 1537; x_wconf 85' lang='lat' dir='ltr'><strong>percussus</strong></span> <span class='ocrx_word' id='word_1_59' title='bbox 933 1440 980 1510; x_wconf 94' lang='lat' dir='ltr'><strong>ad</strong></span> <span class='ocrx_word' id='word_1_60' title='bbox 998 1440 1210 1538; x_wconf 86' lang='lat' dir='ltr'><strong>sagittalem</strong></span> <span class='ocrx_word' id='word_1_61' title='bbox 1225 1466 1286 1514; x_wconf 91' lang='lat' dir='ltr'><strong>su·</strong></span> 
     </span>
     <span class='ocr_line' id='line_1_11' title="bbox 270 1557 1285 1657; baseline -0.001 -25"><span class='ocrx_word' id='word_1_62' title='bbox 270 1577 392 1632; x_wconf 87' lang='lat' dir='ltr'><strong>turam</strong></span> <span class='ocrx_word' id='word_1_63' title='bbox 404 1583 524 1657; x_wconf 86' lang='lat' dir='ltr'><strong>prope</strong></span> <span class='ocrx_word' id='word_1_64' title='bbox 544 1557 779 1645; x_wconf 85' lang='lat' dir='ltr'><strong>coronalem,</strong></span> <span class='ocrx_word' id='word_1_65' title='bbox 793 1581 854 1628; x_wconf 82' lang='lat' dir='ltr'><strong>sex</strong></span> <span class='ocrx_word' id='word_1_66' title='bbox 864 1612 874 1644; x_wconf 88' lang='lat'><strong>‚</strong></span> <span class='ocrx_word' id='word_1_67' title='bbox 885 1572 1074 1654; x_wconf 78' lang='lat' dir='ltr'><strong>septemve</strong></span> <span class='ocrx_word' id='word_1_68' title='bbox 1089 1557 1171 1632; x_wconf 89' lang='lat' dir='ltr'><strong>dies</strong></span> <span class='ocrx_word' id='word_1_69' title='bbox 1182 1574 1285 1632; x_wconf 88' lang='lat' dir='ltr'><strong>tran·</strong></span> 
     </span>
     <span class='ocr_line' id='line_1_12' title="bbox 272 1676 1282 1776; baseline 0 -24"><span class='ocrx_word' id='word_1_70' title='bbox 272 1680 365 1776; x_wconf 85' lang='lat' dir='ltr'><strong>segit</strong></span> <span class='ocrx_word' id='word_1_71' title='bbox 379 1679 458 1749; x_wconf 90' lang='lat' dir='ltr'><strong>sine</strong></span> <span class='ocrx_word' id='word_1_72' title='bbox 473 1677 551 1748; x_wconf 92' lang='lat' dir='ltr'><strong>ullo</strong></span> <span class='ocrx_word' id='word_1_73' title='bbox 571 1691 839 1773; x_wconf 87' lang='lat' dir='ltr'><strong>symptomate,</strong></span> <span class='ocrx_word' id='word_1_74' title='bbox 856 1690 897 1746; x_wconf 92' lang='lat' dir='ltr'><strong>ut</strong></span> <span class='ocrx_word' id='word_1_75' title='bbox 917 1701 995 1746; x_wconf 90' lang='lat' dir='ltr'><strong>non</strong></span> <span class='ocrx_word' id='word_1_76' title='bbox 1014 1676 1282 1768; x_wconf 83' lang='lat' dir='ltr'><strong>decumberet,</strong></span> 
     </span>
     <span class='ocr_line' id='line_1_13' title="bbox 272 1793 1286 1894; baseline -0.001 -24"><span class='ocrx_word' id='word_1_77' title='bbox 272 1797 338 1870; x_wconf 87' lang='lat' dir='ltr'><strong>sed</strong></span> <span class='ocrx_word' id='word_1_78' title='bbox 364 1822 432 1894; x_wconf 89' lang='lat' dir='ltr'><strong>per</strong></span> <span class='ocrx_word' id='word_1_79' title='bbox 459 1796 719 1868; x_wconf 89' lang='lat' dir='ltr'><strong>nosocomium</strong></span> <span class='ocrx_word' id='word_1_80' title='bbox 744 1793 984 1866; x_wconf 83' lang='lat' dir='ltr'><strong>ambularet·</strong></span> <span class='ocrx_word' id='word_1_81' title='bbox 1008 1799 1153 1866; x_wconf 86' lang='lat' dir='ltr'><strong>Verum</strong></span> <span class='ocrx_word' id='word_1_82' title='bbox 1185 1799 1286 1869; x_wconf 89' lang='lat' dir='ltr'><strong>circa</strong></span> 
     </span>
     <span class='ocr_line' id='line_1_14' title="bbox 272 1909 1285 2012; baseline -0.001 -27"><span class='ocrx_word' id='word_1_83' title='bbox 272 1915 472 2012; x_wconf 87' lang='lat' dir='ltr'><strong>septimum</strong></span> <span class='ocrx_word' id='word_1_84' title='bbox 488 1912 586 1982; x_wconf 86' lang='lat' dir='ltr'><strong>diem</strong></span> <span class='ocrx_word' id='word_1_85' title='bbox 605 1911 741 1984; x_wconf 91' lang='lat' dir='ltr'><strong>vulnus</strong></span> <span class='ocrx_word' id='word_1_86' title='bbox 759 1911 920 1982; x_wconf 90' lang='lat' dir='ltr'><strong>multum</strong></span> <span class='ocrx_word' id='word_1_87' title='bbox 937 1909 1043 1982; x_wconf 87' lang='lat' dir='ltr'><strong>fetet:</strong></span> <span class='ocrx_word' id='word_1_88' title='bbox 1061 1937 1140 1983; x_wconf 92' lang='lat' dir='ltr'><strong>uno</strong></span> <span class='ocrx_word' id='word_1_89' title='bbox 1156 1929 1285 1986; x_wconf 90' lang='lat' dir='ltr'><strong>autem</strong></span> 
     </span>
     <span class='ocr_line' id='line_1_15' title="bbox 272 2029 1286 2126; baseline 0 -24"><span class='ocrx_word' id='word_1_90' title='bbox 272 2031 354 2118; x_wconf 89' lang='lat' dir='ltr'><strong>die,</strong></span> <span class='ocrx_word' id='word_1_91' title='bbox 374 2047 437 2102; x_wconf 88' lang='lat' dir='ltr'><strong>aut</strong></span> <span class='ocrx_word' id='word_1_92' title='bbox 456 2031 573 2100; x_wconf 91' lang='lat' dir='ltr'><strong>altero</strong></span> <span class='ocrx_word' id='word_1_93' title='bbox 594 2031 813 2126; x_wconf 87' lang='lat' dir='ltr'><strong>interjecto,</strong></span> <span class='ocrx_word' id='word_1_94' title='bbox 829 2055 903 2100; x_wconf 86' lang='lat' dir='ltr'><strong>orae</strong></span> <span class='ocrx_word' id='word_1_95' title='bbox 916 2029 1084 2101; x_wconf 87' lang='lat' dir='ltr'><strong>vulneris</strong></span> <span class='ocrx_word' id='word_1_96' title='bbox 1099 2031 1286 2102; x_wconf 88' lang='lat' dir='ltr'><strong>intumes-</strong></span> 
     </span>
     <span class='ocr_line' id='line_1_16' title="bbox 273 2146 1286 2246; baseline -0.002 -24"><span class='ocrx_word' id='word_1_97' title='bbox 273 2165 382 2222; x_wconf 88' lang='lat' dir='ltr'><strong>cunt:</strong></span> <span class='ocrx_word' id='word_1_98' title='bbox 403 2165 439 2220; x_wconf 89' lang='lat' dir='ltr'><strong>et</strong></span> <span class='ocrx_word' id='word_1_99' title='bbox 459 2147 612 2246; x_wconf 89' lang='lat' dir='ltr'><strong>qnidam</strong></span> <span class='ocrx_word' id='word_1_100' title='bbox 626 2146 673 2218; x_wconf 87' lang='lat' dir='ltr'><strong>ad</strong></span> <span class='ocrx_word' id='word_1_101' title='bbox 692 2163 820 2243; x_wconf 91' lang='lat' dir='ltr'><strong>guttur</strong></span> <span class='ocrx_word' id='word_1_102' title='bbox 832 2147 1286 2246; x_wconf 85' lang='lat' dir='ltr'><strong>ardorpercipitur.Post·</strong></span> 
     </span>
     <span class='ocr_line' id='line_1_17' title="bbox 273 2247 1286 2362; baseline -0.001 -24"><span class='ocrx_word' id='word_1_103' title='bbox 273 2268 431 2358; x_wconf 82' lang='lat' dir='ltr'><strong>modum</strong></span> <span class='ocrx_word' id='word_1_104' title='bbox 452 2247 566 2338; x_wconf 82' lang='lat' dir='ltr'><strong>febris</strong></span> <span class='ocrx_word' id='word_1_105' title='bbox 590 2290 676 2336; x_wconf 91' lang='lat' dir='ltr'><strong>cnm</strong></span> <span class='ocrx_word' id='word_1_106' title='bbox 698 2269 822 2362; x_wconf 89' lang='lat' dir='ltr'><strong>rigore</strong></span> <span class='ocrx_word' id='word_1_107' title='bbox 848 2264 1011 2336; x_wconf 88' lang='lat' dir='ltr'><strong>invadit:</strong></span> <span class='ocrx_word' id='word_1_108' title='bbox 1034 2265 1223 2336; x_wconf 83' lang='lat' dir='ltr'><strong>invadunt</strong></span> <span class='ocrx_word' id='word_1_109' title='bbox 1249 2281 1286 2337; x_wconf 89' lang='lat' dir='ltr'><strong>et</strong></span> 
     </span>
     <span class='ocr_line' id='line_1_18' title="bbox 273 2382 1284 2478; baseline -0.002 -22"><span class='ocrx_word' id='word_1_110' title='bbox 273 2402 398 2456; x_wconf 90' lang='lat' dir='ltr'><strong>motus</strong></span> <span class='ocrx_word' id='word_1_111' title='bbox 411 2385 638 2455; x_wconf 87' lang='lat' dir='ltr'><strong>convulsivi:</strong></span> <span class='ocrx_word' id='word_1_112' title='bbox 658 2407 759 2454; x_wconf 87' lang='lat' dir='ltr'><strong>mors</strong></span> <span class='ocrx_word' id='word_1_113' title='bbox 775 2383 940 2478; x_wconf 88' lang='lat' dir='ltr'><strong>denique</strong></span> <span class='ocrx_word' id='word_1_114' title='bbox 961 2383 1117 2454; x_wconf 89' lang='lat' dir='ltr'><strong>ineunte</strong></span> <span class='ocrx_word' id='word_1_115' title='bbox 1139 2383 1202 2454; x_wconf 90' lang='lat' dir='ltr'><strong>die</strong></span> <span class='ocrx_word' id='word_1_116' title='bbox 1219 2382 1284 2454; x_wconf 89' lang='lat' dir='ltr'><strong>de-</strong></span> 
     </span>
     <span class='ocr_line' id='line_1_19' title="bbox 274 2502 1283 2598; baseline -0.004 -24"><span class='ocrx_word' id='word_1_117' title='bbox 274 2506 372 2577; x_wconf 89' lang='lat' dir='ltr'><strong>cimo</strong></span> <span class='ocrx_word' id='word_1_118' title='bbox 388 2503 509 2573; x_wconf 83' lang='lat' dir='ltr'><strong>tertio.</strong></span> <span class='ocrx_word' id='word_1_119' title='bbox 538 2504 716 2572; x_wconf 86' lang='lat' dir='ltr'><strong>Granium</strong></span> <span class='ocrx_word' id='word_1_120' title='bbox 734 2502 835 2572; x_wconf 89' lang='lat' dir='ltr'><strong>intus</strong></span> <span class='ocrx_word' id='word_1_121' title='bbox 854 2517 1032 2596; x_wconf 87' lang='lat' dir='ltr'><strong>extraque</strong></span> <span class='ocrx_word' id='word_1_122' title='bbox 1053 2507 1283 2598; x_wconf 85' lang='lat' dir='ltr'><strong>spectatum,</strong></span> 
     </span>
    </p>

    <p class='ocr_par' dir='ltr' id='par_1_4' title="bbox 251 2617 1285 4020">
     <span class='ocr_line' id='line_1_20' title="bbox 251 2617 1284 2716; baseline -0.002 -26"><span class='ocrx_word' id='word_1_123' title='bbox 251 2709 255 2716; x_wconf 31' lang='grc' dir='ltr'>Ι</span> <span class='ocrx_word' id='word_1_124' title='bbox 271 2620 413 2690; x_wconf 86' lang='lat' dir='ltr'><strong>nullam</strong></span> <span class='ocrx_word' id='word_1_125' title='bbox 428 2643 581 2716; x_wconf 87' lang='lat' dir='ltr'><strong>prorsus</strong></span> <span class='ocrx_word' id='word_1_126' title='bbox 596 2618 782 2688; x_wconf 64' lang='lat' dir='ltr'><strong>laesionem</strong></span> <span class='ocrx_word' id='word_1_127' title='bbox 797 2617 980 2703; x_wconf 85' lang='lat' dir='ltr'><strong>ostendit,</strong></span> <span class='ocrx_word' id='word_1_128' title='bbox 1001 2619 1073 2688; x_wconf 91' lang='lat' dir='ltr'><strong>nisi</strong></span> <span class='ocrx_word' id='word_1_129' title='bbox 1094 2618 1205 2714; x_wconf 90' lang='lat' dir='ltr'><strong>quod</strong></span> <span class='ocrx_word' id='word_1_130' title='bbox 1225 2644 1284 2690; x_wconf 93' lang='lat' dir='ltr'><strong>su-</strong></span> 
     </span>
     <span class='ocr_line' id='line_1_21' title="bbox 271 2733 1283 2832; baseline -0.002 -24"><span class='ocrx_word' id='word_1_131' title='bbox 271 2753 376 2823; x_wconf 91' lang='lat' dir='ltr'><strong>tura,</strong></span> <span class='ocrx_word' id='word_1_132' title='bbox 398 2762 471 2832; x_wconf 93' lang='lat' dir='ltr'><strong>qua</strong></span> <span class='ocrx_word' id='word_1_133' title='bbox 496 2735 643 2806; x_wconf 89' lang='lat' dir='ltr'><strong>vulneri</strong></span> <span class='ocrx_word' id='word_1_134' title='bbox 659 2735 826 2830; x_wconf 88' lang='lat' dir='ltr'><strong>subjecta</strong></span> <span class='ocrx_word' id='word_1_135' title='bbox 855 2733 994 2816; x_wconf 82' lang='lat' dir='ltr'><strong>fuerat,</strong></span> <span class='ocrx_word' id='word_1_136' title='bbox 1014 2733 1224 2806; x_wconf 85' lang='lat' dir='ltr'><strong>flexuosam</strong></span> <span class='ocrx_word' id='word_1_137' title='bbox 1241 2736 1283 2806; x_wconf 91' lang='lat' dir='ltr'><strong>li-</strong></span> 
     </span>
     <span class='ocr_line' id='line_1_22' title="bbox 270 2851 1285 2950; baseline -0.001 -25"><span class='ocrx_word' id='word_1_138' title='bbox 270 2853 440 2938; x_wconf 89' lang='lat' dir='ltr'><strong>neolam,</strong></span> <span class='ocrx_word' id='word_1_139' title='bbox 460 2853 559 2930; x_wconf 82' lang='lat' dir='ltr'><strong>inter</strong></span> <span class='ocrx_word' id='word_1_140' title='bbox 583 2876 669 2923; x_wconf 88' lang='lat' dir='ltr'><strong>snos</strong></span> <span class='ocrx_word' id='word_1_141' title='bbox 698 2851 910 2923; x_wconf 87' lang='lat' dir='ltr'><strong>denticulos</strong></span> <span class='ocrx_word' id='word_1_142' title='bbox 939 2853 1285 2950; x_wconf 80' lang='lat' dir='ltr'><strong>intercurrentem,</strong></span> 
     </span>
     <span class='ocr_line' id='line_1_23' title="bbox 271 2969 1281 3067; baseline -0.003 -22"><span class='ocrx_word' id='word_1_143' title='bbox 271 2969 449 3046; x_wconf 87' lang='lat' dir='ltr'><strong>subfusco</strong></span> <span class='ocrx_word' id='word_1_144' title='bbox 474 2970 640 3067; x_wconf 89' lang='lat' dir='ltr'><strong>quodam</strong></span> <span class='ocrx_word' id='word_1_145' title='bbox 663 2970 790 3041; x_wconf 90' lang='lat' dir='ltr'><strong>colore</strong></span> <span class='ocrx_word' id='word_1_146' title='bbox 813 2969 1082 3042; x_wconf 87' lang='lat' dir='ltr'><strong>evidentiorem</strong></span> <span class='ocrx_word' id='word_1_147' title='bbox 1103 2970 1281 3043; x_wconf 86' lang='lat' dir='ltr'><strong>habebat.</strong></span> 
     </span>
     <span class='ocr_line' id='line_1_24' title="bbox 272 3071 1282 3186; baseline 0 -26"><span class='ocrx_word' id='word_1_148' title='bbox 272 3089 329 3160; x_wconf 89' lang='lat' dir='ltr'><strong>Ad</strong></span> <span class='ocrx_word' id='word_1_149' title='bbox 359 3089 482 3186; x_wconf 85' lang='lat' dir='ltr'><strong>ipsum</strong></span> <span class='ocrx_word' id='word_1_150' title='bbox 507 3103 630 3157; x_wconf 86' lang='lat' dir='ltr'><strong>autem</strong></span> <span class='ocrx_word' id='word_1_151' title='bbox 668 3101 803 3157; x_wconf 89' lang='lat' dir='ltr'><strong>suturae</strong></span> <span class='ocrx_word' id='word_1_152' title='bbox 841 3071 937 3159; x_wconf 85' lang='lat' dir='ltr'><strong>latus</strong></span> <span class='ocrx_word' id='word_1_153' title='bbox 965 3087 1149 3158; x_wconf 88' lang='lat' dir='ltr'><strong>nonnulla</strong></span> <span class='ocrx_word' id='word_1_154' title='bbox 1180 3087 1282 3160; x_wconf 86' lang='lat' dir='ltr'><strong>durae</strong></span> 
     </span>
     <span class='ocr_line' id='line_1_25' title="bbox 272 3205 1281 3302; baseline -0.001 -24"><span class='ocrx_word' id='word_1_155' title='bbox 272 3208 460 3302; x_wconf 88' lang='lat' dir='ltr'><strong>meningis</strong></span> <span class='ocrx_word' id='word_1_156' title='bbox 476 3205 601 3302; x_wconf 90' lang='lat' dir='ltr'><strong>portio</strong></span> <span class='ocrx_word' id='word_1_157' title='bbox 617 3205 765 3292; x_wconf 91' lang='lat' dir='ltr'><strong>cranio,</strong></span> <span class='ocrx_word' id='word_1_158' title='bbox 778 3205 960 3302; x_wconf 85' lang='lat' dir='ltr'><strong>peculiari</strong></span> <span class='ocrx_word' id='word_1_159' title='bbox 970 3205 1137 3302; x_wconf 89' lang='lat' dir='ltr'><strong>quodam</strong></span> <span class='ocrx_word' id='word_1_160' title='bbox 1151 3207 1281 3296; x_wconf 92' lang='lat' dir='ltr'><strong>modo,</strong></span> 
     </span>
     <span class='ocr_line' id='line_1_26' title="bbox 273 3319 1281 3420; baseline -0.001 -27"><span class='ocrx_word' id='word_1_161' title='bbox 273 3322 507 3394; x_wconf 87' lang='lat' dir='ltr'><strong>adhaerebat:</strong></span> <span class='ocrx_word' id='word_1_162' title='bbox 531 3347 613 3418; x_wconf 88' lang='lat' dir='ltr'><strong>quae</strong></span> <span class='ocrx_word' id='word_1_163' title='bbox 633 3319 738 3392; x_wconf 86' lang='lat' dir='ltr'><strong>facile</strong></span> <span class='ocrx_word' id='word_1_164' title='bbox 765 3336 892 3394; x_wconf 86' lang='lat' dir='ltr'><strong>tamen</strong></span> <span class='ocrx_word' id='word_1_165' title='bbox 914 3337 1098 3420; x_wconf 88' lang='lat' dir='ltr'><strong>separata,</strong></span> <span class='ocrx_word' id='word_1_166' title='bbox 1124 3324 1189 3393; x_wconf 84' lang='lat' dir='ltr'><strong>vix</strong></span> <span class='ocrx_word' id='word_1_167' title='bbox 1217 3324 1281 3394; x_wconf 86' lang='lat' dir='ltr'><strong>ali·</strong></span> 
     </span>
     <span class='ocr_line' id='line_1_27' title="bbox 275 3437 1281 3538; baseline 0.001 -27"><span class='ocrx_word' id='word_1_168' title='bbox 275 3439 379 3537; x_wconf 92' lang='lat' dir='ltr'><strong>quod</strong></span> <span class='ocrx_word' id='word_1_169' title='bbox 406 3438 575 3508; x_wconf 82' lang='lat' dir='ltr'><strong>exhibuit</strong></span> <span class='ocrx_word' id='word_1_170' title='bbox 590 3437 771 3510; x_wconf 90' lang='lat' dir='ltr'><strong>indicium</strong></span> <span class='ocrx_word' id='word_1_171' title='bbox 789 3440 921 3528; x_wconf 91' lang='lat' dir='ltr'><strong>saniei,</strong></span> <span class='ocrx_word' id='word_1_172' title='bbox 958 3439 1281 3538; x_wconf 85' lang='lat' dir='ltr'><strong>superficietenus</strong></span> 
     </span>
     <span class='ocr_line' id='line_1_28' title="bbox 271 3555 1280 3657; baseline 0.002 -30"><span class='ocrx_word' id='word_1_173' title='bbox 271 3555 343 3627; x_wconf 89' lang='lat' dir='ltr'><strong>sibi</strong></span> <span class='ocrx_word' id='word_1_174' title='bbox 357 3555 582 3625; x_wconf 74' lang='lat' dir='ltr'><strong>inhaerentis.</strong></span> <span class='ocrx_word' id='word_1_175' title='bbox 605 3557 668 3626; x_wconf 89' lang='lat' dir='ltr'><strong>Pia</strong></span> <span class='ocrx_word' id='word_1_176' title='bbox 681 3573 805 3627; x_wconf 89' lang='lat' dir='ltr'><strong>antem</strong></span> <span class='ocrx_word' id='word_1_177' title='bbox 826 3556 993 3652; x_wconf 85' lang='lat' dir='ltr'><strong>subjecta</strong></span> <span class='ocrx_word' id='word_1_178' title='bbox 1018 3559 1176 3628; x_wconf 83' lang='lat' dir='ltr'><strong>meninx</strong></span> <span class='ocrx_word' id='word_1_179' title='bbox 1200 3558 1280 3657; x_wconf 88' lang='lat' dir='ltr'><strong>pal·</strong></span> 
     </span>
     <span class='ocr_line' id='line_1_29' title="bbox 269 3672 1278 3764; baseline 0 -20"><span class='ocrx_word' id='word_1_180' title='bbox 269 3673 345 3744; x_wconf 87' lang='lat' dir='ltr'><strong>lida</strong></span> <span class='ocrx_word' id='word_1_181' title='bbox 361 3687 449 3744; x_wconf 87' lang='lat' dir='ltr'><strong>erat.</strong></span> <span class='ocrx_word' id='word_1_182' title='bbox 471 3677 607 3743; x_wconf 83' lang='lat' dir='ltr'><strong>Praeter</strong></span> <span class='ocrx_word' id='word_1_183' title='bbox 624 3672 721 3762; x_wconf 88' lang='lat' dir='ltr'><strong>haec,</strong></span> <span class='ocrx_word' id='word_1_184' title='bbox 737 3674 832 3744; x_wconf 90' lang='lat' dir='ltr'><strong>nihil</strong></span> <span class='ocrx_word' id='word_1_185' title='bbox 849 3673 1070 3745; x_wconf 89' lang='lat' dir='ltr'><strong>adnotatum</strong></span> <span class='ocrx_word' id='word_1_186' title='bbox 1090 3690 1170 3764; x_wconf 88' lang='lat' dir='ltr'><strong>est;</strong></span> <span class='ocrx_word' id='word_1_187' title='bbox 1191 3700 1278 3744; x_wconf 88' lang='lat' dir='ltr'><strong>nam</strong></span> 
     </span>
     <span class='ocr_line' id='line_1_30' title="bbox 272 3791 1277 3879; baseline 0 -17"><span class='ocrx_word' id='word_1_188' title='bbox 272 3806 419 3876; x_wconf 83' lang='lat' dir='ltr'><strong>caetera,</strong></span> <span class='ocrx_word' id='word_1_189' title='bbox 437 3807 478 3860; x_wconf 90' lang='lat' dir='ltr'><strong>nt</strong></span> <span class='ocrx_word' id='word_1_190' title='bbox 496 3805 618 3860; x_wconf 87' lang='lat' dir='ltr'><strong>totum</strong></span> <span class='ocrx_word' id='word_1_191' title='bbox 636 3791 855 3879; x_wconf 91' lang='lat' dir='ltr'><strong>cerebrum,</strong></span> <span class='ocrx_word' id='word_1_192' title='bbox 875 3791 1083 3865; x_wconf 90' lang='lat' dir='ltr'><strong>secundum</strong></span> <span class='ocrx_word' id='word_1_193' title='bbox 1102 3808 1277 3864; x_wconf 87' lang='lat' dir='ltr'><strong>naturam</strong></span> 
     </span>
     <span class='ocr_line' id='line_1_31' title="bbox 270 3907 528 4020; baseline -0.016 -40"><span class='ocrx_word' id='word_1_194' title='bbox 270 3933 308 3980; x_wconf 85' lang='lat' dir='ltr'><strong>se</strong></span> <span class='ocrx_word' id='word_1_195' title='bbox 328 3907 528 4020; x_wconf 78' lang='lat' dir='ltr'><strong>habehant.</strong></span> 
     </span>
    </p>
   </div>
   <div class='ocr_carea' id='block_1_3' title="bbox 0 0 1435 4660">
    <p class='ocr_par' dir='ltr' id='par_1_5' title="bbox 0 0 1435 4660">
     <span class='ocr_line' id='line_1_32' title="bbox 0 0 1435 4660; baseline 0 0"><span class='ocrx_word' id='word_1_196' title='bbox 0 0 1435 4660; x_wconf 95' lang='lat' dir='ltr'><strong> </strong></span> 
     </span>
    </p>
   </div>
  </div>
 </body>
</html>
