<?xml version="1.0" encoding="UTF-8"?>
<!DOCTYPE html PUBLIC "-//W3C//DTD XHTML 1.0 Transitional//EN"
    "http://www.w3.org/TR/xhtml1/DTD/xhtml1-transitional.dtd">
<html xmlns="http://www.w3.org/1999/xhtml" xml:lang="en" lang="en">
 <head>
  <title>
</title>
<meta http-equiv="Content-Type" content="text/html;charset=utf-8" />
  <meta name='ocr-system' content='tesseract 3.04.00' />
  <meta name='ocr-capabilities' content='ocr_page ocr_carea ocr_par ocr_line ocrx_word'/>
</head>
<body>
  <div class='ocr_page' id='page_1' title='image "./desedibusetcaus03adelgoog_0295.png"; bbox 0 0 2812 4656; ppageno 0'>
   <div class='ocr_carea' id='block_1_1' title="bbox 138 452 1071 547">
    <p class='ocr_par' dir='ltr' id='par_1_1' title="bbox 138 452 1071 547">
     <span class='ocr_line' id='line_1_1' title="bbox 138 452 1071 547; baseline 0.005 -31"><span class='ocrx_word' id='word_1_1' title='bbox 138 471 204 516; x_wconf 77' lang='lat' dir='ltr'><strong>urs.</strong></span> <span class='ocrx_word' id='word_1_2' title='bbox 223 470 270 518; x_wconf 72' lang='grc' dir='ltr'><strong>ιν.</strong></span> <span class='ocrx_word' id='word_1_3' title='bbox 291 463 337 516; x_wconf 77' lang='lat' dir='ltr'><strong>uu</strong></span> <span class='ocrx_word' id='word_1_4' title='bbox 352 469 489 516; x_wconf 75' lang='lat' dir='ltr'><strong>aroneis</strong></span> <span class='ocrx_word' id='word_1_5' title='bbox 503 467 702 532; x_wconf 64' lang='lat' dir='ltr'><strong>curruum,</strong></span> <span class='ocrx_word' id='word_1_6' title='bbox 719 461 787 518; x_wconf 87' lang='lat' dir='ltr'><strong>etc.</strong></span> <span class='ocrx_word' id='word_1_7' title='bbox 806 469 918 518; x_wconf 79' lang='lat' dir='ltr'><strong>rrisr.</strong></span> <span class='ocrx_word' id='word_1_8' title='bbox 939 474 970 518; x_wconf 77' lang='lat' dir='ltr'><strong>n.</strong></span> <span class='ocrx_word' id='word_1_9' title='bbox 1001 452 1071 547; x_wconf 78' lang='lat'><strong>289</strong></span> 
     </span>
    </p>
   </div>
   <div class='ocr_carea' id='block_1_2' title="bbox 45 583 1192 4099">
    <p class='ocr_par' dir='ltr' id='par_1_2' title="bbox 45 583 1119 2450">
     <span class='ocr_line' id='line_1_2' title="bbox 69 583 1073 681; baseline 0.005 -27"><span class='ocrx_word' id='word_1_10' title='bbox 69 609 145 681; x_wconf 92' lang='lat' dir='ltr'><strong>quo</strong></span> <span class='ocrx_word' id='word_1_11' title='bbox 159 598 268 655; x_wconf 85' lang='lat' dir='ltr'><strong>costae</strong></span> <span class='ocrx_word' id='word_1_12' title='bbox 280 597 421 680; x_wconf 83' lang='lat' dir='ltr'><strong>quartae</strong></span> <span class='ocrx_word' id='word_1_13' title='bbox 439 583 617 680; x_wconf 81' lang='lat' dir='ltr'>cartilago</span> <span class='ocrx_word' id='word_1_14' title='bbox 627 585 832 680; x_wconf 83' lang='lat' dir='ltr'><strong>nigricans,</strong></span> <span class='ocrx_word' id='word_1_15' title='bbox 842 599 879 656; x_wconf 87' lang='lat' dir='ltr'><strong>et</strong></span> <span class='ocrx_word' id='word_1_16' title='bbox 888 584 936 656; x_wconf 89' lang='lat' dir='ltr'><strong>ab</strong></span> <span class='ocrx_word' id='word_1_17' title='bbox 945 599 1073 659; x_wconf 90' lang='lat' dir='ltr'><strong>sterno</strong></span> 
     </span>
     <span class='ocr_line' id='line_1_3' title="bbox 70 687 1076 799; baseline 0 -25"><span class='ocrx_word' id='word_1_18' title='bbox 70 703 176 799; x_wconf 89' lang='lat' dir='ltr'><strong>quasi</strong></span> <span class='ocrx_word' id='word_1_19' title='bbox 201 687 371 797; x_wconf 84' lang='lat' dir='ltr'><strong>sejuncta</strong></span> <span class='ocrx_word' id='word_1_20' title='bbox 398 699 723 797; x_wconf 82' lang='lat' dir='ltr'>conspiciebatur,</span> <span class='ocrx_word' id='word_1_21' title='bbox 749 699 958 792; x_wconf 85' lang='lat' dir='ltr'>arescebat,</span> <span class='ocrx_word' id='word_1_22' title='bbox 990 704 1076 774; x_wconf 89' lang='lat' dir='ltr'><strong>red·</strong></span> 
     </span>
     <span class='ocr_line' id='line_1_4' title="bbox 71 817 1078 918; baseline 0.002 -28"><span class='ocrx_word' id='word_1_23' title='bbox 71 819 258 917; x_wconf 88' lang='lat' dir='ltr'><strong>debatque</strong></span> <span class='ocrx_word' id='word_1_24' title='bbox 275 841 461 917; x_wconf 89' lang='lat' dir='ltr'><strong>paucum,</strong></span> <span class='ocrx_word' id='word_1_25' title='bbox 483 832 520 889; x_wconf 89' lang='lat' dir='ltr'><strong>et</strong></span> <span class='ocrx_word' id='word_1_26' title='bbox 544 817 764 888; x_wconf 77' lang='lat' dir='ltr'><strong>icboros&#39;um</strong></span> <span class='ocrx_word' id='word_1_27' title='bbox 782 841 869 916; x_wconf 90' lang='lat' dir='ltr'><strong>pus,</strong></span> <span class='ocrx_word' id='word_1_28' title='bbox 902 836 939 892; x_wconf 91' lang='lat' dir='ltr'><strong>et</strong></span> <span class='ocrx_word' id='word_1_29' title='bbox 966 845 1078 918; x_wconf 84' lang='lat' dir='ltr'><strong>grave</strong></span> 
     </span>
     <span class='ocr_line' id='line_1_5' title="bbox 45 930 1078 1035; baseline -0.002 -25"><span class='ocrx_word' id='word_1_30' title='bbox 45 976 49 982; x_wconf 95' lang='lat'>·</span> <span class='ocrx_word' id='word_1_31' title='bbox 70 937 195 1010; x_wconf 90' lang='lat' dir='ltr'><strong>olens:</strong></span> <span class='ocrx_word' id='word_1_32' title='bbox 213 938 378 1035; x_wconf 82' lang='lat' dir='ltr'>proximi</span> <span class='ocrx_word' id='word_1_33' title='bbox 392 951 517 1008; x_wconf 89' lang='lat' dir='ltr'><strong>autem</strong></span> <span class='ocrx_word' id='word_1_34' title='bbox 531 950 655 1022; x_wconf 91' lang='lat' dir='ltr'><strong>artus,</strong></span> <span class='ocrx_word' id='word_1_35' title='bbox 680 939 747 1034; x_wconf 92' lang='lat' dir='ltr'><strong>qui</strong></span> <span class='ocrx_word' id='word_1_36' title='bbox 766 930 900 1034; x_wconf 83' lang='lat' dir='ltr'><strong>primis</strong></span> <span class='ocrx_word' id='word_1_37' title='bbox 916 938 964 1010; x_wconf 90' lang='lat' dir='ltr'><strong>ab</strong></span> <span class='ocrx_word' id='word_1_38' title='bbox 981 941 1078 1010; x_wconf 86' lang='lat' dir='ltr'><strong>exci-</strong></span> 
     </span>
     <span class='ocr_line' id='line_1_6' title="bbox 66 1045 1076 1151; baseline -0.002 -21"><span class='ocrx_word' id='word_1_39' title='bbox 66 1045 172 1131; x_wconf 83' lang='lat' dir='ltr'>sione</span> <span class='ocrx_word' id='word_1_40' title='bbox 192 1053 345 1141; x_wconf 91' lang='lat' dir='ltr'><strong>diebus,</strong></span> <span class='ocrx_word' id='word_1_41' title='bbox 369 1069 516 1124; x_wconf 91' lang='lat' dir='ltr'><strong>motum</strong></span> <span class='ocrx_word' id='word_1_42' title='bbox 545 1067 582 1124; x_wconf 91' lang='lat' dir='ltr'><strong>et</strong></span> <span class='ocrx_word' id='word_1_43' title='bbox 609 1053 892 1151; x_wconf 87' lang='lat' dir='ltr'>propemodum</span> <span class='ocrx_word' id='word_1_44' title='bbox 924 1081 1076 1128; x_wconf 88' lang='lat' dir='ltr'><strong>sensum</strong></span> 
     </span>
     <span class='ocr_line' id='line_1_7' title="bbox 69 1169 1119 1272; baseline 0 -28"><span class='ocrx_word' id='word_1_45' title='bbox 69 1197 225 1272; x_wconf 90' lang='lat' dir='ltr'><strong>quoque</strong></span> <span class='ocrx_word' id='word_1_46' title='bbox 238 1173 432 1260; x_wconf 85' lang='lat' dir='ltr'><strong>amiserat,</strong></span> <span class='ocrx_word' id='word_1_47' title='bbox 448 1171 522 1241; x_wconf 91' lang='lat' dir='ltr'><strong>nisi</strong></span> <span class='ocrx_word' id='word_1_48' title='bbox 536 1169 641 1268; x_wconf 91' lang='lat' dir='ltr'><strong>quod</strong></span> <span class='ocrx_word' id='word_1_49' title='bbox 656 1172 696 1240; x_wconf 92' lang='lat' dir='ltr'><strong>in</strong></span> <span class='ocrx_word' id='word_1_50' title='bbox 715 1195 830 1242; x_wconf 90' lang='lat' dir='ltr'><strong>manu</strong></span> <span class='ocrx_word' id='word_1_51' title='bbox 840 1188 966 1244; x_wconf 91' lang='lat' dir='ltr'><strong>tamen</strong></span> <span class='ocrx_word' id='word_1_52' title='bbox 979 1191 1079 1247; x_wconf 88' lang='lat' dir='ltr'><strong>uter·</strong></span> <span class='ocrx_word' id='word_1_53' title='bbox 1108 1205 1119 1215; x_wconf 60' lang='lat'>²</span> 
     </span>
     <span class='ocr_line' id='line_1_8' title="bbox 72 1287 1082 1390; baseline 0.004 -28"><span class='ocrx_word' id='word_1_54' title='bbox 72 1317 146 1390; x_wconf 91' lang='lat' dir='ltr'><strong>que</strong></span> <span class='ocrx_word' id='word_1_55' title='bbox 175 1290 385 1388; x_wconf 79' lang='lat' dir='ltr'><strong>perstabat,</strong></span> <span class='ocrx_word' id='word_1_56' title='bbox 416 1287 563 1364; x_wconf 89' lang='lat' dir='ltr'><strong>oedema</strong></span> <span class='ocrx_word' id='word_1_57' title='bbox 594 1289 827 1386; x_wconf 86' lang='lat' dir='ltr'><strong>augebatur:</strong></span> <span class='ocrx_word' id='word_1_58' title='bbox 864 1315 944 1388; x_wconf 91' lang='lat' dir='ltr'><strong>quo</strong></span> <span class='ocrx_word' id='word_1_59' title='bbox 978 1309 1082 1368; x_wconf 85' lang='lat' dir='ltr'><strong>artus</strong></span> 
     </span>
     <span class='ocr_line' id='line_1_9' title="bbox 74 1404 1083 1492; baseline 0.001 -11"><span class='ocrx_word' id='word_1_60' title='bbox 74 1410 187 1482; x_wconf 90' lang='lat' dir='ltr'><strong>etiam</strong></span> <span class='ocrx_word' id='word_1_61' title='bbox 220 1405 419 1480; x_wconf 85' lang='lat' dir='ltr'><strong>inferiores</strong></span> <span class='ocrx_word' id='word_1_62' title='bbox 457 1404 680 1492; x_wconf 85' lang='lat' dir='ltr'><strong>tumebant,</strong></span> <span class='ocrx_word' id='word_1_63' title='bbox 714 1406 933 1480; x_wconf 85' lang='lat' dir='ltr'><strong>crescebant</strong></span> <span class='ocrx_word' id='word_1_64' title='bbox 971 1411 1083 1483; x_wconf 89' lang='lat' dir='ltr'><strong>simul</strong></span> 
     </span>
     <span class='ocr_line' id='line_1_10' title="bbox 71 1523 1083 1625; baseline 0.001 -27"><span class='ocrx_word' id='word_1_65' title='bbox 71 1525 285 1625; x_wconf 83' lang='lat' dir='ltr'><strong>frequentia</strong></span> <span class='ocrx_word' id='word_1_66' title='bbox 301 1525 504 1621; x_wconf 88' lang='lat' dir='ltr'><strong>pulsuum,</strong></span> <span class='ocrx_word' id='word_1_67' title='bbox 527 1523 627 1611; x_wconf 89' lang='lat' dir='ltr'><strong>sitis,</strong></span> <span class='ocrx_word' id='word_1_68' title='bbox 651 1524 795 1620; x_wconf 83' lang='lat' dir='ltr'><strong>vigiliae.</strong></span> <span class='ocrx_word' id='word_1_69' title='bbox 827 1525 883 1597; x_wconf 90' lang='lat' dir='ltr'><strong>Ad</strong></span> <span class='ocrx_word' id='word_1_70' title='bbox 904 1552 946 1598; x_wconf 86' lang='lat' dir='ltr'><strong>ea</strong></span> <span class='ocrx_word' id='word_1_71' title='bbox 976 1551 1083 1600; x_wconf 87' lang='lat' dir='ltr'><strong>acce-</strong></span> 
     </span>
     <span class='ocr_line' id='line_1_11' title="bbox 70 1641 1084 1742; baseline 0.001 -24"><span class='ocrx_word' id='word_1_72' title='bbox 70 1643 214 1718; x_wconf 88' lang='lat' dir='ltr'><strong>debant</strong></span> <span class='ocrx_word' id='word_1_73' title='bbox 231 1642 433 1731; x_wconf 91' lang='lat' dir='ltr'><strong>diarroeha‚</strong></span> <span class='ocrx_word' id='word_1_74' title='bbox 453 1641 628 1712; x_wconf 88' lang='lat' dir='ltr'><strong>ciborum</strong></span> <span class='ocrx_word' id='word_1_75' title='bbox 642 1645 831 1740; x_wconf 91' lang='lat' dir='ltr'><strong>appetitus</strong></span> <span class='ocrx_word' id='word_1_76' title='bbox 847 1669 1003 1742; x_wconf 89' lang='lat' dir='ltr'><strong>prorsus</strong></span> <span class='ocrx_word' id='word_1_77' title='bbox 1019 1647 1084 1720; x_wconf 89' lang='lat' dir='ltr'><strong>de·</strong></span> 
     </span>
     <span class='ocr_line' id='line_1_12' title="bbox 68 1760 1083 1861; baseline 0.002 -27"><span class='ocrx_word' id='word_1_78' title='bbox 68 1766 211 1861; x_wconf 79' lang='lat' dir='ltr'><strong>jectuS,</strong></span> <span class='ocrx_word' id='word_1_79' title='bbox 238 1763 376 1832; x_wconf 83' lang='lat' dir='ltr'><strong>virium</strong></span> <span class='ocrx_word' id='word_1_80' title='bbox 396 1760 581 1857; x_wconf 84' lang='lat' dir='ltr'><strong>languor,</strong></span> <span class='ocrx_word' id='word_1_81' title='bbox 603 1776 786 1859; x_wconf 89' lang='lat' dir='ltr'><strong>perpetua</strong></span> <span class='ocrx_word' id='word_1_82' title='bbox 816 1761 1083 1856; x_wconf 88' lang='lat' dir='ltr'><strong>somnolentia,</strong></span> 
     </span>
     <span class='ocr_line' id='line_1_13' title="bbox 74 1876 1084 1979; baseline 0.001 -25"><span class='ocrx_word' id='word_1_83' title='bbox 74 1879 239 1954; x_wconf 86' lang='lat' dir='ltr'><strong>difficilis</strong></span> <span class='ocrx_word' id='word_1_84' title='bbox 276 1903 320 1950; x_wconf 89' lang='lat' dir='ltr'><strong>ae</strong></span> <span class='ocrx_word' id='word_1_85' title='bbox 354 1876 535 1976; x_wconf 85' lang='lat' dir='ltr'><strong>frequens</strong></span> <span class='ocrx_word' id='word_1_86' title='bbox 561 1880 769 1976; x_wconf 89' lang='lat' dir='ltr'><strong>respiratio.</strong></span> <span class='ocrx_word' id='word_1_87' title='bbox 806 1883 891 1951; x_wconf 87' lang='lat' dir='ltr'><strong>Haec</strong></span> <span class='ocrx_word' id='word_1_88' title='bbox 921 1879 1084 1979; x_wconf 90' lang='lat' dir='ltr'><strong>denique</strong></span> 
     </span>
     <span class='ocr_line' id='line_1_14' title="bbox 74 1994 1085 2097; baseline -0.002 -25"><span class='ocrx_word' id='word_1_89' title='bbox 74 2012 308 2097; x_wconf 83' lang='lat' dir='ltr'><strong>exceperunt</strong></span> <span class='ocrx_word' id='word_1_90' title='bbox 324 1994 476 2068; x_wconf 82' lang='lat' dir='ltr'><strong>febriles</strong></span> <span class='ocrx_word' id='word_1_91' title='bbox 497 2011 661 2094; x_wconf 89' lang='lat' dir='ltr'><strong>quatuor</strong></span> <span class='ocrx_word' id='word_1_92' title='bbox 689 1999 922 2070; x_wconf 83' lang='lat' dir='ltr'><strong>accessiones</strong></span> <span class='ocrx_word' id='word_1_93' title='bbox 945 1998 1085 2096; x_wconf 79' lang='lat' dir='ltr'><strong>longae,</strong></span> 
     </span>
     <span class='ocr_line' id='line_1_15' title="bbox 74 2113 1087 2213; baseline -0.002 -25"><span class='ocrx_word' id='word_1_94' title='bbox 74 2113 337 2202; x_wconf 83' lang='lat' dir='ltr'><strong>vehementes,</strong></span> <span class='ocrx_word' id='word_1_95' title='bbox 357 2129 395 2186; x_wconf 86' lang='lat' dir='ltr'><strong>et</strong></span> <span class='ocrx_word' id='word_1_96' title='bbox 420 2115 506 2184; x_wconf 87' lang='lat' dir='ltr'><strong>cum</strong></span> <span class='ocrx_word' id='word_1_97' title='bbox 526 2115 650 2211; x_wconf 87' lang='lat' dir='ltr'><strong>rigore</strong></span> <span class='ocrx_word' id='word_1_98' title='bbox 671 2115 902 2210; x_wconf 83' lang='lat' dir='ltr'><strong>conjunctae:</strong></span> <span class='ocrx_word' id='word_1_99' title='bbox 926 2141 1087 2213; x_wconf 89' lang='lat' dir='ltr'><strong>quarum</strong></span> 
     </span>
     <span class='ocr_line' id='line_1_16' title="bbox 76 2231 1088 2328; baseline 0 -20"><span class='ocrx_word' id='word_1_100' title='bbox 76 2237 152 2309; x_wconf 88' lang='lat' dir='ltr'><strong>alia</strong></span> <span class='ocrx_word' id='word_1_101' title='bbox 167 2236 229 2307; x_wconf 91' lang='lat' dir='ltr'><strong>alii</strong></span> <span class='ocrx_word' id='word_1_102' title='bbox 249 2234 367 2306; x_wconf 92' lang='lat' dir='ltr'><strong>horis</strong></span> <span class='ocrx_word' id='word_1_103' title='bbox 382 2233 589 2328; x_wconf 86' lang='lat' dir='ltr'><strong>interjectis</strong></span> <span class='ocrx_word' id='word_1_104' title='bbox 607 2233 756 2304; x_wconf 89' lang='lat' dir='ltr'><strong>circiter</strong></span> <span class='ocrx_word' id='word_1_105' title='bbox 779 2231 935 2324; x_wconf 90' lang='lat' dir='ltr'><strong>decem,</strong></span> <span class='ocrx_word' id='word_1_106' title='bbox 958 2259 1088 2308; x_wconf 88' lang='lat' dir='ltr'><strong>succe-</strong></span> 
     </span>
     <span class='ocr_line' id='line_1_17' title="bbox 77 2345 859 2450; baseline -0.01 -22"><span class='ocrx_word' id='word_1_107' title='bbox 77 2353 220 2428; x_wconf 89' lang='lat' dir='ltr'><strong>debat:</strong></span> <span class='ocrx_word' id='word_1_108' title='bbox 240 2376 366 2450; x_wconf 85' lang='lat' dir='ltr'><strong>eaeque</strong></span> <span class='ocrx_word' id='word_1_109' title='bbox 384 2351 581 2422; x_wconf 89' lang='lat' dir='ltr'><strong>mulierem</strong></span> <span class='ocrx_word' id='word_1_110' title='bbox 603 2345 859 2422; x_wconf 88' lang='lat' dir='ltr'><strong>confecerunt.</strong></span> 
     </span>
    </p>

    <p class='ocr_par' dir='ltr' id='par_1_3' title="bbox 74 2465 1192 3269">
     <span class='ocr_line' id='line_1_18' title="bbox 130 2465 1090 2564; baseline -0.005 -18"><span class='ocrx_word' id='word_1_111' title='bbox 130 2471 297 2546; x_wconf 88' lang='lat' dir='ltr'><strong>Cadaver</strong></span> <span class='ocrx_word' id='word_1_112' title='bbox 308 2467 507 2541; x_wconf 88' lang='lat' dir='ltr'><strong>flaccidum</strong></span> <span class='ocrx_word' id='word_1_113' title='bbox 527 2465 695 2564; x_wconf 92' lang='lat' dir='ltr'><strong>ubique,</strong></span> <span class='ocrx_word' id='word_1_114' title='bbox 716 2483 752 2538; x_wconf 87' lang='lat' dir='ltr'><strong>et</strong></span> <span class='ocrx_word' id='word_1_115' title='bbox 768 2467 912 2557; x_wconf 83' lang='lat' dir='ltr'><strong>laxum,</strong></span> <span class='ocrx_word' id='word_1_116' title='bbox 935 2465 1090 2542; x_wconf 88' lang='lat' dir='ltr'><strong>iuferio-</strong></span> 
     </span>
     <span class='ocr_line' id='line_1_19' title="bbox 77 2585 1089 2684; baseline -0.004 -20"><span class='ocrx_word' id='word_1_117' title='bbox 77 2615 142 2664; x_wconf 85' lang='lat' dir='ltr'><strong>res</strong></span> <span class='ocrx_word' id='word_1_118' title='bbox 159 2606 287 2662; x_wconf 85' lang='lat' dir='ltr'><strong>tamon</strong></span> <span class='ocrx_word' id='word_1_119' title='bbox 313 2601 437 2675; x_wconf 88' lang='lat' dir='ltr'><strong>artus,</strong></span> <span class='ocrx_word' id='word_1_120' title='bbox 462 2585 521 2656; x_wconf 88' lang='lat' dir='ltr'><strong>vel</strong></span> <span class='ocrx_word' id='word_1_121' title='bbox 541 2587 667 2657; x_wconf 90' lang='lat' dir='ltr'><strong>incisis</strong></span> <span class='ocrx_word' id='word_1_122' title='bbox 695 2588 992 2684; x_wconf 75' lang='lat' dir='ltr'><strong>integumentis,</strong></span> <span class='ocrx_word' id='word_1_123' title='bbox 1009 2590 1089 2660; x_wconf 89' lang='lat' dir='ltr'><strong>siue</strong></span> 
     </span>
     <span class='ocr_line' id='line_1_20' title="bbox 75 2703 1192 2800; baseline -0.007 -18"><span class='ocrx_word' id='word_1_124' title='bbox 75 2707 307 2782; x_wconf 89' lang='lat' dir='ltr'><strong>ullishabuit</strong></span> <span class='ocrx_word' id='word_1_125' title='bbox 322 2705 518 2777; x_wconf 90' lang='lat' dir='ltr'><strong>oedematis</strong></span> <span class='ocrx_word' id='word_1_126' title='bbox 533 2703 713 2800; x_wconf 89' lang='lat' dir='ltr'><strong>reliquiis.</strong></span> <span class='ocrx_word' id='word_1_127' title='bbox 727 2708 887 2790; x_wconf 85' lang='lat' dir='ltr'><strong>Venter,</strong></span> <span class='ocrx_word' id='word_1_128' title='bbox 907 2706 936 2776; x_wconf 90' lang='lat' dir='ltr'><strong>si</strong></span> <span class='ocrx_word' id='word_1_129' title='bbox 948 2704 1087 2778; x_wconf 89' lang='lat' dir='ltr'><strong>lienem</strong></span> <span class='ocrx_word' id='word_1_130' title='bbox 1189 2759 1192 2774; x_wconf 91' lang='lat'><strong><em>.</em></strong></span> 
     </span>
     <span class='ocr_line' id='line_1_21' title="bbox 75 2819 1087 2923; baseline -0.004 -23"><span class='ocrx_word' id='word_1_131' title='bbox 75 2829 243 2923; x_wconf 88' lang='lat' dir='ltr'><strong>excipias</strong></span> <span class='ocrx_word' id='word_1_132' title='bbox 262 2825 375 2922; x_wconf 88' lang='lat' dir='ltr'><strong>paulo</strong></span> <span class='ocrx_word' id='word_1_133' title='bbox 391 2847 506 2920; x_wconf 92' lang='lat' dir='ltr'><strong>quam</strong></span> <span class='ocrx_word' id='word_1_134' title='bbox 521 2837 654 2892; x_wconf 90' lang='lat' dir='ltr'><strong>natura</strong></span> <span class='ocrx_word' id='word_1_135' title='bbox 671 2819 784 2910; x_wconf 83' lang='lat' dir='ltr'><strong>ferat,</strong></span> <span class='ocrx_word' id='word_1_136' title='bbox 812 2823 1014 2917; x_wconf 86' lang='lat' dir='ltr'><strong>majorem,</strong></span> <span class='ocrx_word' id='word_1_137' title='bbox 1033 2827 1087 2896; x_wconf 89' lang='lat' dir='ltr'><strong>ni-</strong></span> 
     </span>
     <span class='ocr_line' id='line_1_22' title="bbox 74 2943 1089 3048; baseline -0.002 -34"><span class='ocrx_word' id='word_1_138' title='bbox 74 2947 264 3048; x_wconf 85' lang='lat' dir='ltr'><strong>griorem,</strong></span> <span class='ocrx_word' id='word_1_139' title='bbox 292 2943 492 3027; x_wconf 87' lang='lat' dir='ltr'><strong>laxiorem,</strong></span> <span class='ocrx_word' id='word_1_140' title='bbox 521 2956 674 3010; x_wconf 89' lang='lat' dir='ltr'><strong>uterum</strong></span> <span class='ocrx_word' id='word_1_141' title='bbox 690 2955 814 3010; x_wconf 90' lang='lat' dir='ltr'><strong>autem</strong></span> <span class='ocrx_word' id='word_1_142' title='bbox 831 2955 963 3010; x_wconf 89' lang='lat' dir='ltr'><strong>contra</strong></span> <span class='ocrx_word' id='word_1_143' title='bbox 993 2967 1089 3038; x_wconf 70' lang='lat' dir='ltr'><strong>prae·</strong></span> 
     </span>
     <span class='ocr_line' id='line_1_23' title="bbox 75 3044 1090 3155; baseline -0.003 -22"><span class='ocrx_word' id='word_1_144' title='bbox 75 3063 244 3148; x_wconf 89' lang='lat' dir='ltr'><strong>durum,</strong></span> <span class='ocrx_word' id='word_1_145' title='bbox 294 3075 331 3132; x_wconf 89' lang='lat' dir='ltr'><strong>et</strong></span> <span class='ocrx_word' id='word_1_146' title='bbox 365 3056 543 3155; x_wconf 89' lang='lat' dir='ltr'><strong>scalpello</strong></span> <span class='ocrx_word' id='word_1_147' title='bbox 574 3044 828 3144; x_wconf 78' lang='lat' dir='ltr'><strong>resistentem,</strong></span> <span class='ocrx_word' id='word_1_148' title='bbox 855 3059 956 3144; x_wconf 65' lang='lat' dir='ltr'><strong>⁸satis</strong></span> <span class='ocrx_word' id='word_1_149' title='bbox 989 3057 1090 3130; x_wconf 91' lang='lat' dir='ltr'><strong>bene</strong></span> 
     </span>
     <span class='ocr_line' id='line_1_24' title="bbox 80 3173 652 3269; baseline -0.021 -15"><span class='ocrx_word' id='word_1_150' title='bbox 80 3179 290 3254; x_wconf 80' lang='lat' dir='ltr'><strong>constituta</strong></span> <span class='ocrx_word' id='word_1_151' title='bbox 314 3173 477 3248; x_wconf 88' lang='lat' dir='ltr'><strong>ostendit</strong></span> <span class='ocrx_word' id='word_1_152' title='bbox 497 3174 652 3269; x_wconf 90' lang='lat' dir='ltr'><strong>reliqua.</strong></span> 
     </span>
    </p>

    <p class='ocr_par' dir='ltr' id='par_1_4' title="bbox 78 3283 1116 4099">
     <span class='ocr_line' id='line_1_25' title="bbox 129 3288 1093 3390; baseline -0.015 -23"><span class='ocrx_word' id='word_1_153' title='bbox 129 3296 312 3367; x_wconf 87' lang='lat' dir='ltr'><strong>Thoracis</strong></span> <span class='ocrx_word' id='word_1_154' title='bbox 328 3311 533 3390; x_wconf 91' lang='lat' dir='ltr'><strong>utrumque</strong></span> <span class='ocrx_word' id='word_1_155' title='bbox 550 3315 681 3362; x_wconf 88' lang='lat' dir='ltr'><strong>cavum</strong></span> <span class='ocrx_word' id='word_1_156' title='bbox 698 3315 796 3388; x_wconf 89' lang='lat' dir='ltr'><strong>aqua</strong></span> <span class='ocrx_word' id='word_1_157' title='bbox 806 3288 876 3362; x_wconf 81' lang='lat' dir='ltr'><strong>fuit</strong></span> <span class='ocrx_word' id='word_1_158' title='bbox 889 3289 1006 3364; x_wconf 86' lang='lat' dir='ltr'><strong>ferme</strong></span> <span class='ocrx_word' id='word_1_159' title='bbox 1018 3293 1093 3390; x_wconf 90' lang='lat' dir='ltr'><strong>ple.</strong></span> 
     </span>
     <span class='ocr_line' id='line_1_26' title="bbox 78 3410 1092 3509; baseline -0.004 -21"><span class='ocrx_word' id='word_1_160' title='bbox 78 3439 201 3499; x_wconf 89' lang='lat' dir='ltr'><strong>num,</strong></span> <span class='ocrx_word' id='word_1_161' title='bbox 217 3413 408 3485; x_wconf 90' lang='lat' dir='ltr'><strong>sinistrum</strong></span> <span class='ocrx_word' id='word_1_162' title='bbox 429 3414 632 3508; x_wconf 70' lang='lat' dir='ltr'><strong>praesertim</strong></span> <span class='ocrx_word' id='word_1_163' title='bbox 648 3437 654 3478; x_wconf 95' lang='lat'>:</span> <span class='ocrx_word' id='word_1_164' title='bbox 673 3413 711 3479; x_wconf 92' lang='lat' dir='ltr'><strong>in</strong></span> <span class='ocrx_word' id='word_1_165' title='bbox 725 3435 848 3506; x_wconf 91' lang='lat' dir='ltr'><strong>eoque</strong></span> <span class='ocrx_word' id='word_1_166' title='bbox 870 3410 1001 3508; x_wconf 90' lang='lat' dir='ltr'><strong>pulmo</strong></span> <span class='ocrx_word' id='word_1_167' title='bbox 1017 3437 1092 3509; x_wconf 87' lang='lat' dir='ltr'><strong>qua</strong></span> 
     </span>
     <span class='ocr_line' id='line_1_27' title="bbox 78 3527 1093 3632; baseline 0 -30"><span class='ocrx_word' id='word_1_168' title='bbox 78 3547 193 3632; x_wconf 86' lang='lat' dir='ltr'><strong>parte</strong></span> <span class='ocrx_word' id='word_1_169' title='bbox 217 3531 334 3601; x_wconf 84' lang='lat' dir='ltr'><strong>ulceri</strong></span> <span class='ocrx_word' id='word_1_170' title='bbox 357 3527 628 3627; x_wconf 89' lang='lat' dir='ltr'><strong>respondebat,</strong></span> <span class='ocrx_word' id='word_1_171' title='bbox 659 3527 799 3613; x_wconf 89' lang='lat' dir='ltr'><strong>aridus,</strong></span> <span class='ocrx_word' id='word_1_172' title='bbox 826 3543 862 3598; x_wconf 93' lang='lat' dir='ltr'><strong>et</strong></span> <span class='ocrx_word' id='word_1_173' title='bbox 888 3552 1093 3626; x_wconf 89' lang='lat' dir='ltr'><strong>propemo-</strong></span> 
     </span>
     <span class='ocr_line' id='line_1_28' title="bbox 79 3645 1092 3743; baseline -0.004 -23"><span class='ocrx_word' id='word_1_174' title='bbox 79 3649 178 3720; x_wconf 89' lang='lat' dir='ltr'><strong>dum</strong></span> <span class='ocrx_word' id='word_1_175' title='bbox 198 3647 430 3734; x_wconf 87' lang='lat' dir='ltr'><strong>skirrbosus‚</strong></span> <span class='ocrx_word' id='word_1_176' title='bbox 450 3661 628 3742; x_wconf 83' lang='lat' dir='ltr'><strong>aroteque</strong></span> <span class='ocrx_word' id='word_1_177' title='bbox 642 3645 695 3715; x_wconf 89' lang='lat' dir='ltr'><strong>ibi</strong></span> <span class='ocrx_word' id='word_1_178' title='bbox 716 3645 764 3715; x_wconf 91' lang='lat' dir='ltr'><strong>ad</strong></span> <span class='ocrx_word' id='word_1_179' title='bbox 783 3645 951 3743; x_wconf 86' lang='lat' dir='ltr'><strong>pleuram</strong></span> <span class='ocrx_word' id='word_1_180' title='bbox 968 3647 1092 3717; x_wconf 72' lang='lat' dir='ltr'><strong>adbae-</strong></span> 
     </span>
     <span class='ocr_line' id='line_1_29' title="bbox 78 3763 1096 3863; baseline -0.004 -23"><span class='ocrx_word' id='word_1_181' title='bbox 78 3791 196 3852; x_wconf 87' lang='lat' dir='ltr'><strong>reus,</strong></span> <span class='ocrx_word' id='word_1_182' title='bbox 224 3791 306 3863; x_wconf 84' lang='lat' dir='ltr'><strong>quae</strong></span> <span class='ocrx_word' id='word_1_183' title='bbox 336 3767 453 3836; x_wconf 89' lang='lat' dir='ltr'><strong>multo</strong></span> <span class='ocrx_word' id='word_1_184' title='bbox 473 3767 609 3836; x_wconf 89' lang='lat' dir='ltr'><strong>arctius</strong></span> <span class='ocrx_word' id='word_1_185' title='bbox 636 3763 777 3834; x_wconf 90' lang='lat' dir='ltr'><strong>ibidem</strong></span> <span class='ocrx_word' id='word_1_186' title='bbox 804 3765 1018 3834; x_wconf 69' lang='lat' dir='ltr'><strong>adhaerebat</strong></span> <span class='ocrx_word' id='word_1_187' title='bbox 1047 3764 1096 3836; x_wconf 91' lang='lat' dir='ltr'><strong>ad</strong></span> 
     </span>
     <span class='ocr_line' id='line_1_30' title="bbox 83 3879 1116 3984; baseline -0.005 -28"><span class='ocrx_word' id='word_1_188' title='bbox 83 3899 231 3984; x_wconf 78' lang='lat' dir='ltr'><strong>oostaS,</strong></span> <span class='ocrx_word' id='word_1_189' title='bbox 245 3897 282 3954; x_wconf 93' lang='lat' dir='ltr'><strong>et</strong></span> <span class='ocrx_word' id='word_1_190' title='bbox 297 3885 402 3981; x_wconf 90' lang='lat' dir='ltr'><strong>quasi</strong></span> <span class='ocrx_word' id='word_1_191' title='bbox 418 3882 553 3954; x_wconf 90' lang='lat' dir='ltr'><strong>callosa</strong></span> <span class='ocrx_word' id='word_1_192' title='bbox 568 3879 663 3952; x_wconf 78' lang='lat' dir='ltr'><strong>lacta</strong></span> <span class='ocrx_word' id='word_1_193' title='bbox 682 3898 763 3954; x_wconf 90' lang='lat' dir='ltr'><strong>erat</strong></span> <span class='ocrx_word' id='word_1_194' title='bbox 777 3907 850 3978; x_wconf 90' lang='lat' dir='ltr'><strong>qua</strong></span> <span class='ocrx_word' id='word_1_195' title='bbox 872 3895 976 3976; x_wconf 90' lang='lat' dir='ltr'><strong>parte</strong></span> <span class='ocrx_word' id='word_1_196' title='bbox 995 3896 1097 3952; x_wconf 87' lang='lat' dir='ltr'><strong>exte·</strong></span> <span class='ocrx_word' id='word_1_197' title='bbox 1112 3955 1116 3960; x_wconf 74' lang='grc'>,</span> 
     </span>
     <span class='ocr_line' id='line_1_31' title="bbox 83 3993 1101 4099; baseline -0.008 -23"><span class='ocrx_word' id='word_1_198' title='bbox 83 4003 186 4076; x_wconf 88' lang='lat' dir='ltr'><strong>riori</strong></span> <span class='ocrx_word' id='word_1_199' title='bbox 204 4002 283 4072; x_wconf 81' lang='lat' dir='ltr'><strong>aeri</strong></span> <span class='ocrx_word' id='word_1_200' title='bbox 299 4001 467 4099; x_wconf 76' lang='lat' dir='ltr'><strong>exposita</strong></span> <span class='ocrx_word' id='word_1_201' title='bbox 483 3998 616 4072; x_wconf 83' lang='lat' dir='ltr'><strong>luerat.</strong></span> <span class='ocrx_word' id='word_1_202' title='bbox 642 4003 747 4070; x_wconf 85' lang='lat' dir='ltr'><strong>Tunc</strong></span> <span class='ocrx_word' id='word_1_203' title='bbox 776 3993 890 4070; x_wconf 87' lang='lat' dir='ltr'><strong>corde</strong></span> <span class='ocrx_word' id='word_1_204' title='bbox 909 3999 1101 4095; x_wconf 88' lang='lat' dir='ltr'><strong>inspecto,</strong></span> 
     </span>
    </p>
   </div>
   <div class='ocr_carea' id='block_1_3' title="bbox 170 4119 960 4213">
    <p class='ocr_par' dir='ltr' id='par_1_5' title="bbox 170 4119 960 4213">
     <span class='ocr_line' id='line_1_32' title="bbox 170 4119 960 4213; baseline -0.01 -21"><span class='ocrx_word' id='word_1_205' title='bbox 170 4119 208 4192; x_wconf 87' lang='grc'><strong>6.</strong></span> <span class='ocrx_word' id='word_1_206' title='bbox 246 4137 249 4142; x_wconf 89' lang='grc'><strong>’</strong></span> <span class='ocrx_word' id='word_1_207' title='bbox 917 4139 960 4213; x_wconf 83' lang='lat'><strong>19</strong></span> 
     </span>
    </p>
   </div>
   <div class='ocr_carea' id='block_1_4' title="bbox 0 0 1420 4656">
    <p class='ocr_par' dir='ltr' id='par_1_6' title="bbox 0 0 1420 4656">
     <span class='ocr_line' id='line_1_33' title="bbox 0 0 1420 4656; baseline 0 0"><span class='ocrx_word' id='word_1_208' title='bbox 0 0 1420 4656; x_wconf 95' lang='lat' dir='ltr'><strong> </strong></span> 
     </span>
    </p>
   </div>
  </div>
 </body>
</html>
