2976 4654
234 429 302 474 nra.
319 427 368 476 iv.
386 427 433 480 un
446 425 582 476 uoams
596 425 794 490 catanam,
813 413 882 476 otc.
903 426 1014 476 misr.
1030 427 1062 472 t.
1093 403 1163 476 283

156 565 225 642 per
250 539 473 619 mammillas
499 538 703 616 tardiorem
727 537 811 616 ficri
831 539 1088 636 conjiciebam.
1111 547 1164 612 Ea

154 685 246 734 voro
273 659 322 738 de
354 657 547 736 arthritica
576 657 677 732 illius
704 658 866 732 materia
890 671 1025 730 natura
1057 673 1162 730 tanto

156 793 357 880 propterea
366 777 606 854 verisimilior
620 768 769 874 opinio,
788 775 893 874 quod
902 778 1096 850 Preussius
1107 776 1163 875 (ι)

155 897 407 987 calciformem
421 893 627 966 arthritidis
642 895 838 967 materiam
861 896 992 992 quanin
1012 910 1163 967 artuum

156 1013 332 1091 extremis
349 1012 517 1086 articulis
544 1010 685 1109 deponi
704 1010 864 1108 amplius
896 1037 976 1084 non
996 1027 1163 1110 poterat,

157 1157 227 1232 pm·
246 1155 414 1210 mamma
430 1130 538 1206 uicus
555 1130 655 1202 exire
674 1127 835 1213 viderat,
855 1130 1058 1228 plerosque
1078 1155 1165 1202 nos-

156 1265 260 1328 trum
279 1250 473 1347 segniores
495 1245 716 1322 faciebatin
745 1247 905 1320 oonsilio
933 1247 1078 1338 dando,
1105 1272 1167 1320 ve«
1208 1243 1213 1254 '

157 1383 284 1443 rentes
302 1367 500 1468 nimirum,
517 1391 565 1440 ne
583 1365 708 1438 exciso
724 1349 894 1454 tumore,
912 1365 1068 1464 ejusque
1077 1363 1165 1438 seda

156 1500 371 1586 persanata,
384 1484 539 1558 materia
548 1483 596 1556 ad
614 1483 703 1556 alias
719 1507 757 1556 se
773 1498 939 1556 verteret
949 1484 1167 1572 ,interiores

157 1602 339 1692 fortasse,
371 1601 657 1700 nobilioresque
688 1616 832 1700 partes,
861 1599 1017 1699 quando
1044 1627 1167 1702 nuper

156 1722 343 1800 Albertini
362 1719 421 1818 (a)
438 1743 592 1818 quoque
614 1719 827 1792 observatio
840 1719 1168 1818 ostenderat,pro

156 1839 315 1916 bibitam
348 1837 452 1910 illam
475 1836 523 1908 ab
555 1837 712 1910 artubus
740 1835 1003 1927 inferioribus,
1025 1853 1168 1911 temere

156 1957 318 2034 Petrolci
345 1957 569 2028 inunctione
588 1955 875 2043 corroboratis,
905 1971 1001 2054 quot
1033 1955 1165 2028 turbas

157 2077 283 2164 intus,
301 2077 341 2146 in
372 2089 504 2147 ventre
531 2076 758 2173 pracsertim,
795 2073 1018 2145 concivisset
1045 2073 1168 2146 donec

158 2195 209 2270 ita
223 2219 292 2292 per
310 2193 578 2266 intestinorum
591 2191 710 2264 exiret
722 2191 837 2278 viam,
858 2205 899 2262 ut
918 2191 1057 2262 mirum
1073 2205 1169 2263 esset

158 2311 292 2410 qualia
299 2365 311 2399 ,
329 2307 650 2409 quamquemulta
668 2309 752 2380 illac
775 2309 974 2404 prodirent
990 2313 1100 2406 quasi
1119 2333 1169 2380 erc

160 2429 280 2518 coloe,
301 2445 370 2502 aut
381 2453 500 2526 gypso
527 2452 651 2498 recens
670 2443 948 2524 coagmentum,
969 2432 1077 2526 eique
1094 2451 1170 2500 ma-

149 2545 261 2622 'teriae
280 2546 457 2620 hauda'to
476 2543 671 2620 dissimilia
686 2545 786 2616 unde
804 2544 1166 2644 ffctturpodagm.

159 2671 257 2741 Cum
294 2667 411 2764 igitur
441 2663 491 2736 ob
529 2663 716 2760 ejusmodi
750 2687 880 2736 causas
912 2664 1169 2735 cunctantium

160 2769 324 2858 consilia'
348 2784 514 2882 primum
542 2807 623 2854 non
653 2781 917 2882 displicerent,
952 2797 989 2852 et
1015 2782 1171 2853 materia

159 2902 342 3004 paulatim
381 2926 401 2972 e
435 2915 584 2973 tumore
617 2898 914 2988 detraheretur3
955 2923 1040 2970 ecce
1073 2896 1170 2969 febri
1209 2910 1214 2918 “

162 3021 318 3107 oborta,
335 3042 467 3118 reapse
490 3016 536 3089 ad
564 3041 645 3094 eam
673 3042 756 3113 quae
779 3031 858 3088 crat
878 3016 1043 3116 reliqua,
1072 3040 1170 3085 nova

160 3137 328 3234 ejusdem
348 3137 495 3235 generis
515 3121 668 3208 materia
681 3135 834 3206 accedit.
850 3139 936 3208 Post
954 3158 1034 3231 quae
1044 3147 1177 3206 tamen

160 3281 258 3354 aeger
275 3254 526 3326 cunctationis
546 3267 744 3352 pertaesus‚
761 3267 915 3324 strenuo
934 3249 1114 3350 chirurgo
1132 3275 1169 3321 se

161 3374 385 3462 committit,
413 3397 481 3472 per
509 3396 645 3469 quem,
674 3385 715 3441 ut
750 3371 829 3468 ipse
852 3370 1012 3440 omnino
1033 3368 1167 3452 voluit,

161 3493 314 3592 penitus
332 3506 480 3562 exsecto
494 3505 661 3580 tumore,
680 3487 883 3562 etvulnere
895 3486 941 3558 ad
955 3487 1170 3558 cicatricem
1262 3527 1265 3532 v

202 3777 247 3854 (ι)
268 3774 345 3853 Eph.
358 3779 396 3833 N.
410 3779 442 3834 C.
457 3787 534 3836 cent.
553 3777 585 3846 3,
605 3776 669 3834 obs.
687 3795 733 3847 17.

203 3876 245 3957 (a)
268 3881 434 3936 Commeat.
450 3879 487 3936 de
499 3879 614 3936 Bonon.
629 3875 777 3936 Sc.Acad.
791 3888 862 3942 tom.
881 3894 906 3944 1,
917 3874 949 3930 in
960 3892 1064 3948 opusc.
1076 3872 1173 3930 ubide

162 3978 399 4036 CorticePeruv.
514 4005 516 4012 v
