2816 5282
166 428 294 485 univ.
314 438 361 484 ns
374 437 511 484 uonms
523 436 722 500 cernuam,
737 429 806 487 etc.
823 401 935 486 misr.
952 439 1023 488 mv.
1053 417 1124 518 569

116 573 249 623 crosus
283 565 432 639 tumor,
465 552 599 648 suique
628 565 774 648 partem
804 552 904 622 intra
927 553 1123 638 sinistrum

114 666 283 742 thoracis
303 692 432 740 cavum
452 669 667 765 conjecerat
698 670 739 740 in
771 670 926 765 Hertpdi
947 670 1121 745 observa·

114 787 241 874 tione,
259 787 333 861 alio
355 788 440 858 loco
457 790 497 857 in
514 787 801 886 Sepulchretum
821 787 875 884 (ι)
895 789 1020 862 relata.
1047 795 1120 864 Ve-

114 927 203 974 rum
218 958 228 994 ,
244 919 286 976 ut
300 906 553 1002 suspicionem
571 929 730 1003 seponas
749 927 895 992 meam,
915 932 1029 1004 quam
1053 908 1122 980 tibi

116 1019 205 1094 alias
221 1023 276 1118 (α)
296 1045 409 1119 super
429 1046 472 1094 ea
492 1021 753 1094 observatione
779 1021 1003 1120 significavi,
1035 1028 1122 1099 satis

116 1161 307 1236 superque
324 1141 364 1210 in
390 1139 453 1210 illa
472 1138 588 1212 habes
614 1139 771 1211 aliarum
800 1166 1022 1230 causarum,
1053 1167 1123 1242 per

117 1278 211 1354 quas
229 1280 447 1356 praegressa,
466 1271 503 1328 et
520 1258 756 1355 repentinam
775 1275 935 1331 mortem
948 1261 1120 1359 explices.

116 1374 283 1446 Tandem
315 1399 399 1446 cum
431 1376 626 1474 epistolam
660 1375 758 1448 hanc
790 1376 1050 1462 recenserem,
1082 1379 1122 1450 in

117 1489 420 1564 dissertationem
439 1493 612 1566 incidens
629 1519 710 1592 quae
729 1495 829 1566 inter
848 1496 1080 1594 chirurgicos
1102 1521 1123 1568 a

116 1609 239 1708 praecl.
256 1611 406 1682 Hallero
418 1612 592 1682 collectas
605 1626 659 1682 est
669 1615 844 1700 LX1X‚in
857 1639 897 1684 ea
911 1630 951 1684 ut
961 1614 1124 1686 nonnul·

118 1727 154 1797 la
175 1729 346 1824 exempla
363 1727 490 1800 deesse
511 1753 555 1800 ex
572 1729 617 1798 iis
632 1752 718 1825 quae
735 1733 1047 1818 commemoravi,
1073 1733 1126 1804 sic

119 1843 304 1915 nonnulla
330 1867 408 1916 esse
433 1845 698 1933 animadverti,
718 1872 801 1944 quae
825 1861 889 1919 aut
907 1863 1063 1945 propter
1082 1847 1127 1918 li·

70 1987 73 1992 ·
119 1961 211 2034 bros
230 1961 370 2060 quibus
387 1962 580 2050 carebam,
601 1978 664 2034 aut
687 1983 843 2062 propter
867 1963 1034 2063 linguam
1052 1990 1127 2062 qua

121 2081 252 2178 scripti
268 2095 374 2169 sunt,
405 2082 592 2179 inspicere
618 2106 695 2152 non
724 2096 932 2179 potueram.
954 2085 1009 2153 Tu
1026 2083 1066 2154 in
1085 2107 1128 2154 ea

120 2199 240 2298 leges,
266 2200 308 2270 in
329 2199 537 2297 primisque
565 2197 657 2270 illud
682 2198 814 2297 puellae
837 2189 1128 2296 Argentoraten-

121 2318 170 2388 sis
190 2315 248 2414 (3)
265 2319 372 2421 cujus
384 2310 653 2388 describuntur
669 2332 705 2387 et
720 2331 985 2413 symptomata,
1002 2333 1038 2388 et
1052 2318 1128 2388 vul

120 2459 214 2524 nus,
248 2459 324 2532 quo
351 2435 588 2534 potissimum
621 2435 720 2506 intra
751 2458 830 2504 non
859 2435 997 2506 multas
1016 2433 1129 2508 horas

121 2550 293 2626 conlecta
313 2567 388 2640 est,
409 2552 449 2622 in
468 2551 645 2623 tendinea
664 2566 771 2649 parte
793 2552 889 2649 septi
908 2553 1131 2640 transversi,

122 2695 198 2768 qua
217 2670 326 2742 lienis
348 2684 384 2742 et
413 2669 615 2741 ventriculi
633 2669 760 2768 portio
788 2667 984 2742 thoracem
1007 2668 1130 2742 subie-

121 2803 223 2877 rant,
237 2803 274 2859 et
294 2812 360 2858 cor
370 2786 608 2888 dextrorsum
620 2787 890 2886 compulerant.

95 2979 96 2982 ,
171 2904 290 2979 Porro
306 2919 470 3004 quatuor
488 2904 574 2992 alia,
592 2919 635 2976 ut
647 2905 851 2993 videntur,
870 2905 1039 3000 exempla
1056 2901 1131 3000 legi

123 3022 278 3122 quidem
297 3022 399 3119 apud
416 3019 744 3114 Blancardumld),
754 3021 930 3092 sciebam.
944 3025 990 3091 At
1005 3027 1133 3092 sicum.

123 3142 169 3214 iis
188 3137 465 3235 conferasque
482 3161 502 3208 a
523 3161 584 3208 me
614 3161 726 3235 supra
741 3137 850 3208 allata
874 3150 980 3223 sunt,
998 3136 1131 3208 eadem

24 3323 28 3330 .
124 3281 255 3332 revera
270 3281 368 3342 esse,
382 3278 426 3326 ac
443 3253 601 3326 totidem
615 3279 660 3325 ex
676 3255 785 3352 ipsis,
799 3254 984 3325 continuo
1004 3277 1134 3351 agnos·

126 3400 204 3465 ces;
225 3373 397 3474 quamvis
416 3374 585 3462 mutatis,
610 3397 688 3443 non
708 3373 787 3444 sine
801 3369 997 3443 stomacho
1013 3368 1136 3444 feren·

126 3494 173 3566 da
189 3491 541 3580 transformatione,
564 3491 733 3602 studioso
756 3489 823 3561 illo
850 3488 951 3587 apud
969 3492 1137 3561 Senner-

167 3697 212 3775 (ι)
231 3699 265 3754 L.
280 3696 315 3766 3,
333 3714 356 3753 s.
374 3712 427 3766 22,
446 3693 511 3750 obs.
527 3701 578 3763 4⁰·

166 3797 211 3875 (a)
231 3795 326 3871 Epist.
344 3799 400 3864 lo,
422 3813 454 3850 n.
471 3811 520 3853 27.

86 3939 88 3941 ·
169 3889 211 3972 (³)
234 3895 250 3962 t
273 3899 302 3958 4·

169 3989 213 4070 ll)
234 3992 322 4050 Anat.
337 3999 432 4066 praet.
451 3987 561 4047 ration.
