2812 4656
307 426 377 500 208
435 411 438 422 ’
475 447 522 496 un
548 447 695 496 sentens
719 441 915 498 nr'otusis
941 451 1153 503 nonnonnu
1201 479 1203 486 .

305 585 456 662 porem,
475 561 683 659 praesertim
696 585 783 634 eum
803 587 849 635 eo
865 565 1306 665 stentore'conjunetum,
1375 609 1376 666 l

307 682 374 784 qui
389 704 476 750 cum
489 679 652 778 graviori
665 679 861 779 apoplexia
872 682 982 781 jungi
994 683 1099 758 solet.
1115 688 1206 778 Quae
1218 711 1305 787 spec·

305 811 429 870 tontes
442 793 717 894 Sydenhamius
735 798 810 894 (1),
827 798 966 897 aliique
983 801 1163 874 insultum
1184 804 1307 902 hujus·

286 913 412 988 'modi
424 912 643 1013 apoplexiae
657 937 761 986 veroe
781 915 938 986 similem
956 915 1075 1015 plane
1098 943 1176 994 esse
1198 923 1306 1019 scrip-

305 1047 457 1122 serunt,
485 1046 522 1102 et
533 1034 667 1102 Tortus
682 1031 762 1128 ipse
771 1029 853 1130 (u),
878 1033 1051 1120 tandem,
1067 1035 1138 1108 nisi
1154 1061 1226 1135 per
1240 1063 1306 1109 cor·

302 1153 417 1224 tieem
436 1147 669 1235 inhibeatur,
683 1151 804 1240 fortis
828 1149 1048 1249 apoplexice
1077 1161 1196 1225 instar
1217 1157 1305 1228 occi-

307 1269 419 1358 dere,
440 1271 641 1338 Mortonus
658 1281 784 1338 autem
803 1267 859 1364 (3)
876 1291 1039 1366 puerum
1064 1295 1178 1370 quem
1206 1299 1306 1374 supra

306 1386 600 1458 memoravimus
615 1437 625 1472 ,
649 1383 709 1456 bis
722 1385 922 1456 inventum
934 1385 982 1458 ab
996 1411 1056 1474 se,
1071 1390 1141 1478 ait,
1161 1405 1305 1464 sterten-

307 1519 393 1591 tem,
405 1511 620 1599 coeterisque
631 1501 1076 1600 apoplexioefhrtissimae
1087 1523 1306 1607 symptoma-

261 1629 263 1634 '
307 1622 608 1736 tibusoffectum,
623 1635 886 1720 senemautem
897 1623 1126 1696 avunculum
1135 1627 1302 1725 suum(l)

306 1740 446 1812 multos
478 1739 556 1834 jam
584 1762 706 1810 annos
736 1736 914 1812 hebetem
945 1755 983 1812 et
1008 1743 1303 1831 somnolentum,

306 1855 515 1958 apoplexia
550 1870 767 1954 correptum
804 1854 918 1930 fuisse
952 1858 1105 1949 retulit,
1142 1861 1302 1958 ejusdem

307 1976 478 2076 generiS,
504 1988 548 2046 ut
572 1973 715 2046 insultu
733 1974 971 2062 remittente,
1000 1991 1207 2076 utrumque
1229 2005 1301 2052 cor·

305 2096 379 2166 tice
401 2091 558 2178 eodem,
575 2091 676 2189 larga
701 2115 818 2164 manu
836 2090 941 2180 dato,
966 2095 1179 2167 servaverit.
1209 2099 1301 2169 Senis

304 2235 395 2284 vero
411 2209 526 2307 hujus
542 2208 690 2282 hebetis
702 2224 739 2282 et
753 2210 983 2284 somnolenti
993 2225 1031 2283 et
1039 2209 1145 2286 obesi
1158 2213 1300 2314 insuper

306 2329 635 2436 commemoratio.
668 2351 755 2432 eum
786 2317 953 2400 historiis
983 2329 1064 2400 aliis
1091 2331 1300 2426 conjuncta,

205 2463 214 2490 ¹
305 2461 343 2520 et
359 2447 550 2545 speciatim
574 2469 661 2517 cum
689 2470 732 2518 ea
756 2471 839 2544 quae
867 2446 908 2518 in
930 2448 1171 2520 Commereio
1197 2450 1300 2522 Litte-

304 2566 405 2636 rario
432 2562 490 2661 (5)
515 2562 562 2635 ab
601 2563 773 2664 diligenti
808 2588 915 2651 sane,
947 2587 991 2636 ac
1023 2563 1152 2638 solerti
1181 2566 1300 2641 obser·

209 2727 211 2730 -
253 2671 261 2686 ’
303 2698 432 2756 vatore
462 2681 649 2780 descripta
685 2696 760 2769 est,
795 2705 891 2754 anus
920 2681 1098 2797 videlieet
1136 2709 1218 2782 quae
1244 2684 1298 2756 diu
1374 2765 1375 2782 χ

305 2817 415 2874 autea
417 2787 588 2872 brachii
612 2814 787 2898 stupore,
808 2814 846 2872 et
859 2770 1070 2891 debilitate,
1088 2823 1178 2873 mox
1194 2805 1295 2876 etiam
1374 2805 1375 2820 ¹

307 2919 439 3017 capitis
459 2919 663 3016 gravitate,
679 2916 860 3014 vertigine
880 2913 1088 3015 frequenti,
1123 2935 1161 2990 et
1170 2945 1311 3018 magno¹

303 3032 447 3134 pedum
476 3034 694 3108 lassitudine
730 3031 882 3123 afflicta,
918 3059 1055 3134 sopore
1084 3034 1297 3134 profundis·

303 3154 399 3226 simo
430 3154 469 3224 in
506 3150 620 3225 febris
645 3153 940 3228 intermittentis·
958 3155 1192 3252 paroxysmis
1225 3180 1297 3227 cor·

221 3267 224 3274 ’
303 3270 535 3372 ripiebatur3
566 3269 667 3360 heec,
698 3272 874 3370 inquam,
906 3273 1078 3370 exempla
1105 3273 1295 3346 sollicitum
