2854 4660
181 456 250 502 ms.
265 455 312 500 ιν.
332 442 734 518 υΕΜοιῑΒιεοηιιωιια.,
752 444 820 500 etc.
835 453 947 501 nrusr.
965 453 1012 500 nr.
1042 432 1107 504 361

159 597 214 666 27.
232 571 299 642 Vir
315 593 436 640 annos
454 568 615 664 amplius
635 569 788 665 triginta
807 582 935 656 natus,
953 585 1114 642 contun-

106 689 221 760 dente
243 685 342 759 ferro
356 686 403 756 ad
424 687 611 757 sinistram
636 687 871 782 superiorem
889 685 1117 759 lambdoidis
1163 719 1165 724 ¹

108 821 245 878 suturae
264 819 408 904 partem
435 827 653 900 percussus,
689 802 779 873 dum
799 828 905 891 rure,
931 803 998 875 ubi
1019 818 1115 894 erat,
1209 869 1228 890 ,

106 923 317 994 Bononiam
336 921 434 993 redit
440 920 631 1024 x,concidit
644 919 818 1018 quidem3
834 919 899 991 sed
917 921 1017 992 illico
1035 945 1117 992 sur-

109 1045 183 1139 git,
202 1055 313 1138 atque
329 1041 399 1114 iter
420 1041 605 1110 continuo
622 1062 853 1136 persequens
874 1019 1050 1136 passuum
1060 1055 1118 1111 ter

109 1158 271 1228 millium
287 1211 297 1244 ,
311 1159 350 1226 in
372 1157 637 1228 nosocomium
653 1179 691 1227 se
711 1157 855 1252 recipit.
878 1161 973 1228 Cum
986 1157 1039 1228 ibi
1053 1157 1118 1228 de-

112 1274 334 1360 cumberet‚¹
350 1275 660 1346 animadversum
679 1289 732 1344 est
754 1275 891 1345 vulnus
914 1274 1014 1346 haud
1033 1277 1119 1348 satis

109 1391 292 1464 laudabili
304 1393 432 1464 colore
447 1417 538 1479 esse,
552 1407 588 1462 et
598 1393 954 1488 aliquotinterjectis
966 1393 1117 1478 diebus,

108 1510 325 1582 abscessum
345 1509 392 1580 ad
409 1511 490 1605 ejus
509 1510 605 1582 latus
618 1508 800 1607 produci:
832 1535 908 1607 quo
927 1527 1056 1609 postea
1073 1537 1118 1582 ex

109 1644 189 1700 arte
202 1643 350 1725 apert0‚
369 1627 549 1725 brevique
570 1643 746 1726 purgato,
760 1629 894 1701 melius
912 1629 1120 1728 procedere

108 1747 276 1818 vulneris
298 1747 443 1817 curatio
459 1748 537 1817 visa
558 1762 621 1818 est.
652 1745 723 1818 Sed
747 1746 873 1818 multis
891 1747 931 1816 in
961 1747 1046 1819 cibo
1061 1747 1120 1819 ad·

109 1865 232 1936 missis
245 1863 457 1949 erroribus,
469 1863 622 1961 jamque
638 1865 781 1960 aliquot
803 1861 920 1936 lebris
938 1866 1123 1938 accessio.

109 1981 225 2054 nibus
237 1983 467 2080 praegressis,
485 2007 530 2054 ex
542 1983 747 2080 improviso
766 1982 1124 2056 circaundecimum·

111 2101 221 2181 diem·
231 2103 446 2198 gravissima
459 2100 657 2198 epileptica
671 2100 865 2171 convulsio
873 2102 1015 2198 ingruit
1024 2128 1031 2170 :
1040 2109 1120 2198 qua

110 2223 289 2306 remissa,
305 2244 384 2290 non
404 2225 542 2290 tamen
556 2243 652 2316 aeger
669 2217 858 2314 loquitur:
881 2221 949 2288 etsi
962 2243 1045 2315 quae
1059 2218 1121 2288 alii

112 2337 330 2433 loquuntur
352 2362 390 2408 se
417 2336 626 2434 intelligere
652 2334 845 2432 significat.
870 2339 958 2406 Post
982 2333 1059 2406 haec
1079 2337 1119 2406 in

112 2456 262 2526 sinistra
284 2457 456 2553 corporis
467 2459 571 2552 parte
582 2453 790 2525 convulsivi
800 2451 1121 2524 adnotanturmo·

113 2589 198 2659 tus;
218 2574 258 2642 in
269 2572 554 2644 dexteraautem
568 2570 747 2669 paralysis
759 2597 769 2659 ;
783 2568 873 2643 facie
888 2573 1005 2642 risum
1016 2571 1121 2669 quasi

113 2691 332 2762 sardonium
365 2689 558 2762 interdum
589 2703 889 2788 representante.
935 2689 1122 2761 Naturalis

111 2810 257 2879 interea
269 2809 400 2906 pulsus
417 2822 494 2879 erat
511 2835 518 2877 :
541 2832 619 2905 quo
636 2823 766 2904 postea
782 2807 913 2894 celeri,
929 2802 1121 2904 turgente,

114 2943 152 3000 et
168 2929 380 3026 impetuoso
398 2923 521 3014 lactc,
539 2927 668 3023 paucis
688 2942 774 3024 post
789 2924 921 2996 diebus
937 2949 1039 2996 mors
1066 2951 1122 2997 set·

115 3059 202 3116 outa
216 3059 270 3116 est
289 3043 349 3115 die
363 3042 657 3140 undevigesimo.
680 3047 711 3113 Α
729 3043 850 3140 capite
864 3051 992 3113 cutem
1005 3041 1124 3114 detra-

115 3160 268 3248 hend0,
287 3160 355 3233 sub
384 3159 455 3231 hac
484 3183 504 3229 a
530 3160 704 3247 sinistris,
742 3158 915 3257 pluribus
937 3159 976 3228 in
1008 3159 1122 3247 locis,

116 3280 287 3377 quamvis
304 3278 417 3373 longe
437 3277 578 3350 etiama
594 3277 750 3348 vulnere
771 3276 922 3364 dissitis,
942 3301 1014 3373 pus
1029 3291 1124 3376 stag-

115 3421 212 3468 nans
228 3397 441 3483 invenitur‚
470 3421 547 3493 quo
573 3420 615 3468 0s
638 3395 819 3493 temporis
843 3391 1040 3492 superficie
1068 3410 1124 3466 te-

115 3537 190 3585 nus
205 3537 355 3586 erosum
366 3511 494 3584 fuerat.
511 3517 628 3584 Porro
640 3511 874 3584 lambdoides
887 3527 1037 3599 sutura,
1049 3538 1125 3610 qna

120 3631 461 3726 vulneri'subjecta
469 3645 559 3718 erat,
577 3630 710 3702 dentes
726 3631 825 3700 inter
842 3655 879 3702 se
900 3629 1123 3724 disjunctos;

115 3750 346 3820 duraautem
369 3749 523 3819 meninx
536 3748 840 3844 colorem'quasi
852 3749 1045 3819 cinereum
1066 3773 1124 3818 os·

113 3865 259 3954 tendit,
276 3891 387 3962 quem
406 3865 537 3964 aspure
555 3880 792 3936 contraxerat
809 3867 908 3936 inter
926 3889 988 3952 se,
1009 3866 1125 3962 piam-

115 4008 191 4082 que
220 3981 404 4090 rolleno.
445 3989 541 4058 Pars.
568 3984 662 4079 ejus*
682 3984 806 4082 puris,
830 3982 937 4080 quasi
970 3981 1125 4082 glutinis

939 4227 951 4254 Ι
