2816 5282
162 377 231 426 mn.
245 377 293 424 tv.
309 377 356 424 nn
373 373 510 426 nonnis
518 373 715 444 caraune,
732 368 802 426 etc.
821 377 933 428 nater·
947 381 1017 430 mv.
1046 357 1112 458 59¹
1205 358 1207 362 ’

111 505 235 564 cretus
253 491 293 561 in
318 489 482 578 arteriis,
508 490 706 590 multoque
735 493 847 566 etiam
879 494 998 594 magis
1017 497 1118 570 circa

111 608 317 707 praecordia
330 622 502 706 repertus
521 623 586 682 est.

162 727 219 830 38.
241 725 297 798 Ad
318 740 469 796 artuum
488 725 640 798 tandem
667 726 764 798 ictus
784 727 917 799 attinet
938 729 1117 804 Valsalvae

110 845 312 944 insequens
333 843 565 916 observatio:
587 867 669 944 quae
687 844 797 916 simul
818 847 950 944 quanti
968 848 1045 920 sint
1064 847 1117 922 fa-

110 961 251 1036 ciendae
280 976 536 1034 extremorum
563 962 731 1034 laesiones
755 961 942 1050 ostendit,
964 966 1077 1040 simul
1095 993 1118 1039 a

108 1077 273 1152 faucium
302 1078 549 1150 convulsione
571 1078 753 1152 instantes
780 1095 861 1152 toto
882 1105 1044 1180 corpore
1062 1081 1117 1156 le-

108 1195 229 1268 thales
248 1195 511 1268 convulsioues
535 1219 632 1308 saepe
651 1196 691 1266 in
714 1195 940 1270 vulneribus
956 1197 1117 1275 indicari

108 1311 320 1386 confirmat.

158 1457 213 1530 29.
224 1432 315 1504 Viro
332 1454 521 1504 annorum
536 1430 686 1530 triginta
701 1423 890 1533 quinque,
903 1433 1115 1532 praegrandi

108 1549 233 1650 lapide
266 1565 476 1622 extremum
509 1573 730 1647 percussum
756 1565 810 1622 est
833 1550 939 1648 pedis
963 1552 1113 1626 sinistri.

106 1672 196 1744 Pars
205 1683 381 1754 contusa,
399 1666 471 1740 nisi
482 1680 715 1763 tangeretur,
729 1693 808 1740 non
825 1668 989 1742 dolebat.
1004 1674 1115 1744 Eme·

106 1782 171 1853 dio
191 1797 316 1854 autem
333 1782 520 1880 praecipue
534 1779 640 1878 digiti
654 1782 824 1879 pollicis,
843 1783 911 1854 ubi
923 1787 1113 1882 tangendo

106 1899 310 1970 vehemens
322 1897 434 1970 dolor
450 1894 702 1987 excitabatur,
718 1898 860 1970 nullam
871 1900 1112 1998 purulentam

106 2014 302 2089 emittebat
329 2015 542 2099 materiam,
576 2039 647 2088 uec
667 2015 746 2087 ullo
766 2031 898 2114 pacta,
935 2016 1113 2094 laceratas
1163 2009 1166 2014 ¹

105 2133 305 2206 tendinum
321 2130 434 2204 fibras
448 2129 652 2230 separabat.
673 2135 796 2202 Homo
816 2133 855 2202 in
875 2133 1052 2206 omnibus
1072 2161 1111 2208 se

104 2251 203 2326 bene
232 2250 412 2340 habebat,
447 2249 564 2347 idque
592 2221 797 2337 fatebatur,
823 2264 859 2320 et
886 2275 951 2324 sua
982 2256 1112 2326 munia

102 2370 275 2446 alacriter
292 2368 432 2442 obibat.
460 2371 603 2440 Verum
628 2382 733 2440 sexto
754 2366 814 2440 die
841 2393 885 2440 ex
906 2370 1111 2466 improviso

102 2487 255 2560 tensivis
282 2485 499 2574 doloribus,
536 2484 694 2584 diraque
722 2484 769 2556 ad
797 2481 923 2559 fauces
952 2488 1111 2570 convul,

102 2606 208 2680 sione
232 2600 493 2703 prehenditur.
518 2603 698 2702 Sequitur
714 2617 844 2701 postea
868 2603 1002 2701 ingens
1027 2619 1108 2676 toto

101 2747 262 2821 corpore
277 2721 519 2794 convulsivus
531 2734 677 2808 motus,
696 2735 732 2790 et
742 2719 844 2792 hunc
858 2745 960 2793 mors
974 2737 1107 2794 octavo
1221 2727 1227 2744 ’

100 2839 172 2914 die.
190 2840 317 2937 Capite
331 2838 510 2928 dissecto,
524 2836 619 2910 nihil
634 2853 769 2936 praeter
785 2853 957 2910 naturam
972 2838 1109 2937 depre-

101 2944 299 3044 henditur,
317 2957 349 3026 si
376 2954 573 3052 paululum
604 2977 738 3026 serosae
760 2955 921 3026 materiae
947 2957 1108 3053 excipias

99 3075 305 3176 stagnantis
319 3073 358 3144 in
376 3070 523 3144 cerebri
542 3068 772 3144 ventriculis.

151 3194 209 3268 30.
225 3195 335 3264 Nunc
347 3189 491 3286 aliquot
501 3187 874 3278 nostrasvulnerum‚
887 3202 952 3258 aut
961 3188 1105 3260 ictuum

99 3307 318 3383 earumdem
348 3329 430 3404 quae
461 3305 642 3376 hactenus
666 3302 772 3374 dictae
801 3318 911 3393 sunt,
941 3306 1105 3399 partium

99 3428 402 3512 observationes,
441 3421 576 3495 eodem
612 3437 759 3494 servato
795 3420 958 3508 ordine,
989 3423 1105 3520 subji-

100 3548 254 3620 ciamus.

150 3662 208 3736 31.
227 3661 294 3735 Vir
310 3659 356 3731 ab
372 3657 565 3730 inflicto'in
581 3641 865 3757 hypogastriunr
883 3641 1040 3728 vulnere
1057 3657 1105 3729 ad

99 3779 197 3852 latus
222 3774 417 3850 dexterum
446 3774 552 3845 lineae
577 3773 688 3862 albae,
714 3772 985 3846 vomitionibus
1011 3794 1105 3846 con*-

98 3893 282 3981 dictatus,
301 3891 526 3979 humilibus,
556 3887 793 3987 infirmisque
810 3887 1001 3987 pulsibus,
1033 3915 1105 3966 nec
