2828 4652
323 421 389 495 192
483 419 530 466 Μ
556 415 702 466 SEDIBUS
726 417 771 464 ET
796 416 921 466 ctusls
946 417 1158 470 mondoum!

263 593 273 602 .
316 535 529 634 riguerant,
542 531 720 604 nonnihil
739 530 926 619 calefecit3
951 557 1062 608 mane
1077 551 1204 610 autem
1218 539 1330 611 remi-

315 655 383 740 sit,
413 668 449 724 et
466 650 661 722 mulierem
681 675 770 722 mox
793 651 958 748 reliquit.
985 657 1086 724 Bene
1105 652 1186 728 huc
1204 680 1246 727 se
1267 656 1329 728 ha·

317 771 402 844 buit
431 770 510 841 dies
537 768 686 856 decem,
715 765 960 842 inferioribus
988 769 1146 843 artubus
1169 773 1329 871 tepidis,

317 887 490 988 pulsibus
507 888 574 985 qui
591 887 694 975 duri,
713 888 844 984 parvi,
857 885 1037 977 humiles,
1059 893 1252 985 prementi
1276 890 1329 961 di-

316 1007 395 1108 gito
415 1031 494 1077 non
516 1007 730 1078 resistentes
740 1020 848 1077 antea
865 1003 1033 1092 fuerant,
1050 1031 1154 1078 nunc
1173 1031 1327 1106 oppres-

315 1127 422 1200 sione
447 1123 614 1212 sublata,
646 1125 686 1192 in
714 1124 849 1195 melius
886 1124 1098 1212 conversis,
1128 1126 1327 1224 urinisque

314 1243 406 1340 ipsis
415 1265 498 1340 qnae
513 1242 639 1340 prius,
658 1255 700 1311 ut
718 1240 859 1330 multe,
877 1239 1087 1330 sicundae,
1108 1256 1146 1313 et
1159 1241 1324 1342 limpide

316 1358 633 1448 excernebantur,
642 1355 720 1455 jum
732 1357 780 1428 ad
797 1359 1008 1432 naturalem
1026 1358 1208 1450 modum,
1230 1362 1325 1434 colo

315 1502 475 1576 remque
487 1475 764 1548 accedentibus.

366 1623 422 1693 ²7·
437 1596 573 1693 Accipe
590 1617 691 1665 nunc
705 1593 867 1692 reliqua,
880 1595 1117 1692 nequeenim
1136 1598 1227 1669 satis
1247 1621 1323 1672 esse

315 1713 437 1801 duco,
464 1737 546 1810 quae
567 1735 768 1812 praegressa
788 1713 835 1784 et¹
847 1712 1023 1784 comitata
1040 1714 1115 1785 sint
1135 1714 1323 1809 ejusmodi

316 1831 508 1930 sanguinis
527 1827 764 1902 affectionem
794 1831 1055 1928 proposuisse,
1078 1833 1153 1904 nisi
1180 1848 1218 1904 et
1244 1859 1333 1931 quae.

313 1952 495 2050 deinceps
508 1964 709 2022 consecuta
724 1963 812 2022 sunt
828 1950 956 2021 omnia
975 1950 1023 2022 ad
1041 1965 1187 2022 certum
1204 1977 1322 2051 usque

313 2086 464 2168 tempus
487 2083 758 2140 memorentur.
773 2065 905 2165 ¹Igitur
920 2066 1069 2140 decimo
1087 2085 1220 2142 exacto
1240 2071 1321 2159 die,

314 2212 401 2262 ecce
428 2188 519 2260 levis
543 2186 653 2258 dolor
673 2210 756 2256 eam
787 2199 933 2283 partem
959 2187 1150 2258 metaiarsi
1184 2188 1322 2262 sinistri

311 2303 419 2406 pedis
440 2302 583 2375 invadit
601 2329 683 2402 quae
699 2303 816 2402 digito
840 2302 969 2402 pollici
992 2303 1217 2402 respondet,
1236 2305 1321 2380 bre·
1403 2309 1404 2364 ἶ

311 2423 484 2494 vissimus
503 2421 566 2492 ille
583 2420 760 2518 quidem,
777 2435 820 2492 ut
845 2445 931 2492 cum
953 2420 1068 2494 semel
1087 2421 1216 2519 primo
1243 2423 1320 2516 die,

312 2538 495 2640 postridie
510 2554 635 2611 autern
656 2538 840 2612 tredecies
859 2540 1059 2636 ingruerit,
1085 2541 1185 2612 intra
1212 2545 1320 2615 semi·

310 2656 445 2729 horam
472 2658 674 2754 quinquies
703 2659 932 2744 recurreret,
957 2671 1068 2755 atque
1095 2659 1146 2730 ita
1168 2683 1319 2734 evenes·
1403 2737 1404 2750 ¹

312 2790 436 2864 seret,
465 2791 506 2846 ut
522 2777 636 2873 paulo
651 2791 737 2873 post
748 2775 814 2846 illo
836 2775 971 2848 eodem
986 2776 1046 2848 die
1063 2777 1203 2849 mulier
1220 2781 1318 2852 exire
1403 2767 1404 2826 3

310 2891 426 2964 domo
443 2883 609 2992 potuerit
626 2893 688 2964 vix
705 2893 832 2990 aliquo
853 2917 940 2964 cum
960 2893 1231 2984 incommodo,
1249 2895 1318 2968 nisi
1403 2911 1404 2918 ’

308 3025 502 3084 revertens
513 3010 707 3082 cecidisset
716 3025 941 3108 repente,et
952 3010 1031 3082 sine
1041 3011 1119 3082 ulla
1131 3014 1317 3086 exteriore

309 3151 438 3220 cause,
455 3130 494 3200 in
507 3130 605 3202 latus
617 3128 833 3216 dexterum,
849 3152 919 3200 nec
932 3129 1005 3200 nisi
1015 3130 1176 3200 aliorum
1190 3130 1316 3227 adjuta

306 3246 485 3320 manibus
501 3247 732 3318 surrexisset.
750 3251 916 3317 Domum
929 3261 1056 3318 tamen
1075 3271 1227 3318 reversa
1243 3264 1313 3320 ost:

306 3364 436 3462 ibique
461 3364 553 3435 levis
579 3365 745 3462 primum
768 3365 800 3436 is
827 3363 952 3451 dolor,
978 3363 1158 3462 postridie
1188 3381 1313 3438 autem

305 3506 442 3578 magna
455 3506 541 3554 curn
552 3479 649 3552 febri
658 3498 790 3554 acutus
804 3481 898 3552 adeo
908 3497 1053 3579 ,etque
1066 3482 1241 3556 assiduus
1261 3509 1314 3556 re·
1402 3533 1403 3544 2

307 3597 397 3687 diit,
426 3615 469 3670 ut
491 3613 614 3671 totum
637 3599 744 3670 illurn
765 3600 865 3670 diem
891 3603 1028 3672 acriter
1048 3603 1212 3690 vexarit,
1244 3625 1312 3674 nec
1402 3581 1403 3624 ¹

304 3718 378 3790 nisi
394 3717 484 3814 opio
500 3715 589 3788 dato
607 3718 800 3814 quieverit.
831 3721 1049 3816 Insequenti
1065 3719 1126 3790 die
1145 3720 1227 3792 sine
1246 3719 1311 3790 do·

246 3844 249 3850 '
302 3835 384 3908 lore
408 3850 445 3906 et
461 3833 558 3906 febri
577 3832 667 3921 fuit;
688 3849 731 3907 ut
757 3835 855 3908 bene
881 3835 1026 3908 habeus
1052 3862 1071 3906 e
1101 3827 1201 3908 lecto
1231 3862 1309 3910 sur-

300 3956 447 4026 rexerit.
469 3953 538 4026 Die
547 3968 672 4036 autem
681 3956 857 4052 proximo
869 3955 1115 4030 convulsione
1127 3957 1307 4054 pectoris,
