2784 5088
301 393 372 482 lus
466 415 512 462 ns
538 412 684 462 scurrus
708 415 753 462 rr
777 411 902 466 causis
927 413 1140 466 nonnosum

300 555 376 628 que
397 529 615 600 intermisit:
638 552 722 624 quae
739 530 939 626 perpaucis
968 545 1055 626 post
1074 530 1215 604 diebus
1232 558 1312 606 sen-

300 649 387 733 sim,
402 662 437 718 et
448 644 594 744 placide
614 660 738 718 secuta
755 661 826 730 est,
843 662 1045 746 postquam
1066 647 1184 722 febris
1199 654 1314 724 semel

299 764 495 848 duntaxat,
514 761 627 858 idque
646 761 774 834 triduo
789 777 875 834 ante
892 762 1056 852 obitum,
1071 766 1168 852 levi,
1189 767 1313 842 brevi·

300 908 375 982 que
393 907 478 952 cunt
500 879 638 978 frigore
664 895 868 976 ingruerat.
901 881 1069 954 Cadaver
1095 883 1214 979 hujus
1241 888 1312 956 vir-

300 1001 396 1100 ginis
413 998 506 1070 mihi
524 1021 625 1068 anno
645 1004 737 1094 1704
752 999 789 1066 iu
811 999 1027 1096 genitalium
1044 1003 1212 1098 partium
1229 1029 1311 1074 exa-

298 1119 400 1188 mine
426 1117 633 1215 plurimum
659 1118 843 1203 versanti,
863 1117 1024 1214 perutile
1051 1119 1150 1190 inter
1178 1121 1256 1191 alia
1277 1139 1311 1192 et

296 1236 506 1332 virginum,
528 1248 564 1306 et
577 1234 779 1304 mulierum
794 1230 861 1302 fuit
874 1232 921 1304 ad
939 1257 981 1304 ea
1000 1233 1219 1332 indaganda
1230 1263 1310 1336 quac

298 1352 344 1424 dc
359 1352 538 1449 hymene,
555 1349 763 1422 deuteriam
774 1351 929 1421 cervicis
943 1350 1172 1440 valvulis,de
1185 1378 1310 1432 mens·

297 1470 371 1540 trui
394 1468 586 1564 sanguinis
620 1464 811 1552 fontibuS,
841 1466 999 1564 aliisque
1032 1469 1310 1564 ejusdemmodi

296 1587 336 1656 iu
356 1588 372 1653 1
392 1600 519 1682 postea
540 1583 769 1656 Adversariis
784 1586 975 1682 proposui.
996 1589 1031 1656 ls
1051 1590 1229 1688 sanguis,
1246 1593 1310 1662 etsi

295 1701 431 1790 fluere,
448 1717 489 1775 ut
511 1701 609 1786 dixi,
626 1700 673 1772 ad
693 1717 854 1772 mortem
881 1725 1001 1800 usque
1029 1727 1113 1776 ,non
1135 1706 1310 1778 intermi-

296 1835 413 1906 serat,
432 1835 558 1892 tameu
578 1833 620 1890 ut
631 1819 756 1904 Jnulto
777 1817 916 1892 leutius
941 1834 1110 1892 extremo
1135 1837 1309 1922 tempore

296 1937 494 2038 prodibat,
512 1938 551 2008 in
581 1938 694 2008 crassi
719 1936 879 2036 cylindri
898 1934 1059 2008 formam
1079 1946 1181 2012 intra
1207 1945 1309 2040 vagi=

296 2081 382 2128 nam
397 2111 407 2144 ,
425 2055 599 2150 uterique
630 2055 814 2126 cervicem
835 2079 914 2124 non
940 2079 1048 2126 secus
1068 2081 1112 2128 ac
1140 2059 1240 2132 solet
1262 2062 1309 2129 vi·

294 2177 384 2246 treis
399 2151 495 2246 vasis
512 2199 557 2244 ex
576 2173 694 2242 incisa
712 2196 809 2242 vena
825 2187 1022 2270 exceptus,
1041 2193 1304 2265 concreverat,

295 2293 545 2388 osculumque
562 2289 680 2374 uteri,
701 2303 738 2362 et
757 2289 964 2375 cervicem,
989 2292 1062 2362 nisi
1077 2289 1179 2367 forte
1194 2295 1232 2366 id
1253 2296 1305 2368 tri-

293 2411 388 2482 buas
404 2407 564 2480 naturali
582 2433 628 2480 eo
655 2421 826 2503 tempore
846 2407 996 2481 illarum
1024 2411 1193 2508 partium
1218 2413 1304 2490 laxi·

293 2530 375 2614 tati,
393 2527 563 2596 dilatasse
579 2524 788 2596 videbatur.
808 2527 940 2627 Neque
963 2527 1000 2596 in
1032 2551 1076 2600 ca
1096 2533 1302 2630 sanguinea

294 2645 537 2720 concretione
566 2667 653 2740 pars
683 2643 842 2712 omniuo
872 2642 1001 2716 deerat
1029 2644 1205 2722 subalba.
1237 2651 1302 2726 Sed
1382 2737 1383 2744 ἵ

293 2739 420 2860 paucis
445 2760 625 2832 adnotare
650 2775 799 2858 praestat
819 2759 912 2858 quid
939 2763 980 2831 in
998 2759 1121 2842 fundo
1138 2770 1256 2857 uteri,
1270 2784 1301 2846 et
1382 2771 1383 2782 ³

291 2878 449 2952 testibus
469 2878 657 2974 peculiare
688 2876 1028 2958 animadverterim.
1062 2880 1173 2954 Illius
1204 2902 1299 2960 ante·

290 3001 368 3070 rior
384 2995 497 3068 iacies
514 2994 667 3068 sulculis
687 2994 879 3092 inrequalis
893 3011 973 3068 erat
993 2996 1117 3070 tribus
1128 3017 1196 3072 aut
1212 3029 1298 3100 qua·

289 3131 378 3190 tuor
396 3113 602 3188 secundum
629 3112 904 3210 longitudinem
923 3112 1058 3192 ductis.
1084 3120 1221 3194 :Testes
1236 3146 1296 3194 au-

288 3250 364 3305 tem
395 3234 631 3304 convestiens
657 3229 876 3304 membrana
897 3233 1101 3308 nonnullas
1125 3240 1298 3332 parvulas

288 3351 395 3450 quasi
415 3351 605 3420 cicatrices
636 3347 876 3420 ostendebat:
905 3373 998 3448 quas
1025 3351 1127 3425 inter
1146 3355 1188 3424 in
1212 3371 1297 3430 teste

286 3467 406 3538 altero
432 3465 613 3562 quiddam
644 3467 818 3568 apparuit
843 3467 1040 3540 ulcusculo
1058 3471 1191 3546 ¹simile
1219 3476 1298 3554 ina-

286 3584 411 3682 quali,
436 3599 472 3656 et
497 3583 623 3656 colore
647 3608 693 3654 ex
709 3583 805 3656 ssavo
823 3587 1071 3684 nigrescente.
1111 3592 1185 3662 Per
1202 3589 1296 3662 fora-

284 3726 372 3774 men
394 3700 498 3798 quod
513 3701 583 3797 ipsi
607 3701 729 3800 inerat
755 3700 1017 3790 manifestum,
1047 3729 1069 3778 a
1093 3731 1155 3781 tue
1186 3723 1294 3788 tenue
1381 3713 1382 3724 ‘

286 3818 483 3916 specillum
502 3817 724 3912 demissum,
743 3822 781 3890 in
809 3819 983 3894 cellulam
1000 3847 1081 3894 uon
1100 3825 1294 3924 exiguam,

284 3937 349 4010 sed
366 3937 538 4024 inanem,
560 3936 763 4010 descendit.
786 3939 966 4014 vesicutoe
984 3955 1113 4020 autem
1135 3968 1221 4042 quae
1238 3943 1292 4018 his
