2812 4656
212 443 282 491 nm.
296 444 347 490 lv.
366 443 413 490 ns
431 441 569 490 uonms
583 407 784 505 nutritus,
801 432 871 490 etc.
890 405 1001 490 musr.
1015 443 1048 489 n.
1078 419 1149 508 245

136 541 348 652 exquibus
375 555 505 627 minus
534 555 660 626 tenuis
685 567 765 626 erat
792 552 925 624 media.
955 553 1150 652 Quidquid
1194 637 1227 646 Η

134 687 264 745 autem
284 669 396 742 solidi
421 671 521 742 intra
548 671 715 742 tunicam
738 669 1028 758 continebatur,
1057 671 1148 742 sub-

137 788 276 860 stantia
292 802 392 875 erat,
420 802 463 859 ut
479 785 700 873 videbatur,
726 786 929 884 polyposa,
964 812 1082 883 eaque
1109 789 1149 858 in
1190 767 1199 780 ⁸

137 903 327 976 cancellos
342 903 458 1000 quasi.
477 901 665 1002 quosdam
688 900 942 990 conformata,
968 917 1011 974 ut
1037 928 1150 1000 spon·

135 1021 281 1118 giosam
311 1017 575 1116 quadantenus
598 1015 759 1090 referret
784 1033 1009 1111 structuram
1036 1043 1150 1116 quam

136 1139 237 1208 intra
252 1137 393 1208 ossium
420 1137 541 1234 capita
562 1135 745 1208 videmus.
772 1136 804 1207 Ii
829 1160 962 1208 omnes
994 1123 1168 1210 canc'elli‘

140 1253 266 1326 diluto
286 1253 468 1350 sanguine
487 1253 590 1351 pleni
605 1267 721 1324 erant.
1184 1239 1186 1244 i

188 1395 246 1442 ar.
265 1370 672 1466 Hujusmoditumores
689 1370 868 1440 intereos
886 1369 979 1467 poni
994 1366 1149 1442 fortasse
1235 1403 1238 1412 ’

134 1501 293 1587 possent
313 1512 410 1584 quos
434 1487 563 1560 Celsus
581 1485 636 1582 (ι)
656 1487 851 1558 continere
868 1487 920 1557 ait
945 1486 1065 1557 simile
1080 1484 1150 1558 ali·
1245 1477 1247 1482 ’

135 1605 232 1704 quid
248 1613 353 1676 carni
373 1605 496 1678 hebeti
513 1619 551 1674 et
571 1618 753 1689 cruentae,
778 1603 851 1673 nisi
879 1603 980 1674 inter
994 1582 1148 1690 molles,

135 1721 392 1820 cedentesque
421 1722 680 1796 recensuisset.
710 1718 962 1799 Boerhaavius
980 1719 1052 1817 (2),
1083 1722 1151 1818 qui

136 1853 349 1912 sarcomata
368 1864 413 1910 ex
426 1839 525 1912 veris
543 1836 650 1910 fibris
671 1839 816 1910 carneis
832 1861 1095 1934 procrescere,
1113 1853 1151 1910 et
1193 1849 1202 1874 ⁸

134 1956 221 2030 fieri
249 1981 326 2028 non
352 1953 458 2028 facile
483 1954 625 2042 credit,
653 1953 718 2026 sed
747 1980 790 2026 ex
822 1952 1043 2024 membrana
1072 1953 1150 2025 adi·

137 2099 249 2175 posa,
269 2074 376 2170 cujus
393 2072 587 2173 pinguedo
605 2071 655 2143 ob
668 2070 831 2145 distenta
848 2069 1057 2169 sanguifera
1072 2094 1150 2142 vas·

136 2193 224 2266 cula
239 2192 394 2265 rubram
410 2214 585 2266 carneam
602 2189 827 2276 mentiatur,
841 2188 951 2260 etiam
968 2189 1019 2259 sic
1032 2184 1150 2263 factos

136 2327 309 2384 tumores
340 2311 447 2384 tenui
478 2307 655 2408 pellicula
675 2306 822 2384 includi
852 2304 1005 2395 scribit,
1032 2319 1068 2376 et
1098 2304 1148 2377 ob

136 2429 240 2502 hane
255 2443 355 2502 totos
380 2451 492 2526 posse
520 2425 678 2498 detrahi.
702 2422 887 2521 Equidem
906 2423 946 2492 in
968 2423 1150 2524 Adversa-

136 2548 205 2618 riis
223 2546 277 2643 (3)
299 2546 389 2617 olim
405 2543 655 2631 tradideram,
674 2568 735 2614 me
752 2544 792 2612 in
804 2541 909 2638 ¹illius
920 2539 1148 2616 membranae

137 2665 298 2738 sacculis
324 2662 516 2736 interdum
531 2660 802 2761 pinguedinem
825 2659 876 2732 ita
893 2658 1075 2756 sanguine
1093 2659 1150 2726 in-

136 2771 274 2854 fectam
292 2781 446 2866 vidisse,
465 2796 507 2852 ut
529 2802 682 2852 carnem
700 2778 772 2875 ipsi
791 2776 1052 2878 mentirentur.
1077 2773 1149 2846 Sed

138 2901 218 2972 sive
234 2901 286 2970 ita
304 2923 364 2971 res
382 2922 420 2969 se
438 2896 589 2982 habuit,
611 2897 688 2968 sive
706 2893 827 2964 rubor
847 2895 974 2991 potius
994 2894 1033 2962 in
1056 2917 1149 2963 con·

139 3017 364 3104 fertissimis,
374 3014 624 3111 distentisque
636 3011 800 3084 vasculis.
808 3007 890 3096 fuit,
902 3008 1150 3084 creberrimas

138 3136 455 3232 tenuissimusque
503 3129 786 3205 membranulas
826 3124 1152 3226 perreptantibus,

137 3251 369 3354 pinguedini
389 3249 624 3345 interjectas,
645 3262 681 3320 et
698 3270 767 3344 per
786 3244 885 3315 hanc
899 3258 1150 3340 transpectas3

142 3385 244 3446 certe
262 3369 442 3440 mihinon
460 3365 611 3452 accidit,
632 3379 675 3436 ut
684 3379 777 3434 tunc
788 3386 848 3433 eas
859 3360 1019 3459 adiposae
1032 3384 1150 3430 mem-

143 3489 274 3567 branae
295 3503 419 3585 partes
437 3487 477 3556 in
502 3499 692 3557 tumorem
714 3479 958 3577 conglobatas
976 3477 1143 3552 viderem

142 3649 1141 3686 ,,,,,,,.,,-..-’-..-.---ι---------·-·

183 3787 229 3868 (1)
250 3791 295 3845 De
307 3785 412 3844 medic
425 3786 446 3840 l.
461 3803 535 3855 7,c
549 3782 579 3838 6
661 3807 664 3810 ·

184 3887 415 3966 (n.§)Praelect
428 3884 568 3959 supraad
585 3881 729 3952 n.17cit.

185 3984 444 4070 (3)11,aui1uad.
463 3985 492 4041 6
576 4025 579 4033 .
