2784 5088
115 459 180 506 ma.
196 457 245 506 tv.
261 459 308 504 DE
321 455 458 504 MOERIS
469 455 646 502 emunito.
659 485 668 516 ‚
682 444 751 502 ele·
765 453 876 502 EPIST.
890 453 967 500 LIII.
997 427 1064 500 521
1078 515 1080 524 γ

70 595 142 641 non
162 571 312 668 exigua,
332 583 465 668 practer
480 567 582 638 illam
599 591 680 665 quae
697 567 737 637 in
757 548 953 638 broncliiis
971 579 1067 654 erat,
1159 623 1160 626 ,

69 687 104 756 in
121 689 204 785 ipso
227 712 364 786 asperae
390 686 532 758 arteriae
560 701 695 756 trunco
718 683 952 756 substitisset.
985 683 1069 771 Qua

71 829 112 875 ex
128 830 169 876 re
182 829 336 902 quoque
356 802 575 876 celeriorem
585 799 699 918 fuisse
719 816 882 874 mortem
905 825 985 870 non
1000 798 1070 870 du·

69 917 285 1009 univimus,
302 936 339 993 et
360 937 460 994 certe
478 917 588 992 facies
610 918 669 991 vel
687 920 819 1017 primis
835 917 970 990 diebus
987 933 1070 988 tur-

70 1061 191 1134 gensa
207 1041 302 1110 vasis
316 1038 497 1134 sanguine
510 1036 681 1110 distentis
694 1091 703 1126 ‚
717 1034 889 1109 suffocati
903 1035 1070 1109 hominis

70 1156 275 1228 videbatur.

118 1301 174 1372 27·
196 1273 329 1346 Cordis
362 1273 519 1344 vulnera
549 1297 632 1369 quae
662 1272 710 1344 ad
736 1271 991 1344 ventriculum
1023 1249 1072 1341 si·
1165 1250 1167 1256 ¹

70 1393 228 1464 nistrum
263 1393 506 1490 perveniant,
548 1392 670 1463 rarius
699 1403 927 1478 occurrunt,
959 1401 1073 1485 quam

72 1533 152 1606 quae
189 1508 236 1580 ad
271 1507 477 1582 dexterum.
510 1513 565 1618 Ila
594 1509 695 1580 enim
731 1533 798 1580 cor
816 1509 982 1606 positum
1001 1521 1075 1594 est,

73 1640 115 1696 ut
133 1625 356 1698 vulneribus
376 1651 540 1723 quorum
561 1626 742 1725 pleraque
762 1650 807 1696 ex
844 1624 1001 1696 adverso
1017 1624 1078 1693 in-

73 1740 274 1840 fliguntur,
302 1731 424 1816 multo
443 1745 571 1815 minor
582 1768 668 1842 pars
683 1744 803 1831 illius,
839 1769 950 1841 quam
962 1742 1077 1839 hujus
1159 1780 1160 1784 =

71 1860 292 1946 ventriculi)
312 1859 519 1954 objiciatur.
540 1860 653 1948 Quod
678 1860 807 1932 eadem
841 1859 1078 1957 providentia

73 1974 212 2048 factum
228 2001 382 2072 cense0,
400 2002 473 2073 qua
492 1979 691 2049 crassiores
705 1973 1005 2075 sanguiferorum
1017 1999 1079 2046 va·

75 2119 204 2168 sorum
221 2094 366 2185 trunci,
382 2094 664 2194 ubicumque'rid
685 2093 809 2182 licuit,
837 2109 901 2165 aut
924 2091 1081 2191 profun-

76 2213 160 2284 dius
178 2213 293 2311 positi.
308 2227 412 2302 sunt,
433 2228 498 2284 aut
516 2212 563 2284 ad
580 2215 705 2284 minus
722 2226 914 2310 patentem
932 2211 1080 2306 injuriis

76 2329 204 2402 sedern
220 2332 380 2402 retracti.
401 2331 459 2402 Sic
477 2329 642 2403 crurales
664 2354 802 2427 magna
817 2353 862 2400 ex
886 2343 991 2425 parte
1013 2351 1081 2426 per

77 2446 216 2519 femina
243 2463 280 2519 et
299 2473 368 2546 per
393 2449 596 2547 poplitem;
626 2449 678 2520 sic
711 2446 920 2519 brachiales
946 2470 1015 2544 per
1043 2443 1083 2516 id

80 2565 227 2650 humeri
254 2565 352 2639 latus
379 2565 552 2654 feruntur
574 2565 678 2665 quod
700 2567 895 2638 thoracem
912 2564 1083 2663 respicit,

79 2678 281 2782 nou'qnod
300 2687 494 2758 exteriora.
518 2685 674 2756 Sinister
693 2701 818 2768 autem
843 2683 969 2756 cordis
993 2707 1084 2755 ven·

81 2803 239 2874 triculus
258 2803 289 2873 is
313 2819 413 2874 certe
438 2819 513 2888 est,
535 2803 643 2899 cujus
664 2803 702 2872 vi
728 2804 879 2900 sanguis
905 2801 952 2872 ad
981 2825 1086 2873 ccre-

81 2918 217 3009 hrum‚
237 2933 274 2991 et
298 2921 337 2990 in
369 2945 482 2991 omne
511 2945 649 3019 corpus
674 2920 898 3018 impellitur,
918 2933 960 2990 ut
989 2919 1019 2990 si
1045 2943 1088 2990 ea

82 3037 190 3108 valde
216 3035 447 3126 infirmetur,
467 3052 504 3109 et
528 3037 608 3132 ejus
632 3033 834 3107 ventriculi
862 3033 1090 3132 impediatur

84 3178 245 3257 munus,
274 3155 449 3253 protinus
470 3155 568 3225 mori
593 3177 746 3226 necesse
779 3153 849 3223 sit:
879 3150 985 3248 quod
1002 3173 1091 3222 vere

32 3341 34 3347 .
87 3275 251 3346 Galenus
270 3271 328 3369 (1)
341 3272 607 3371 pronunciavit
621 3268 702 3342 fore
717 3274 912 3370 praecipue
928 3266 1093 3340 sicordis

87 3396 248 3462 sinistrae
257 3397 380 3489 partis
402 3405 534 3463 venter
539 3391 666 3482 fuerit
677 3388 908 3460 vulneratus.
933 3389 1043 3458 Nunc
1064 3386 1094 3457 si

90 3509 215 3582 cordis
233 3525 288 3597 tot
303 3510 457 3580 vulnera
472 3509 654 3579 memoria
672 3521 842 3604 repetas,
865 3519 960 3606 quot
976 3506 1015 3576 in
1030 3507 1094 3574 Se-

90 3627 277 3724 pulchreti
302 3628 373 3700 hac
399 3631 452 3698 ΙΙΙ
474 3629 639 3700 sectione
665 3624 720 3724 (2)
740 3625 935 3723 leguntur,
968 3623 1094 3694 minus

90 3803 1098 3844 w

135 3910 177 3991 (1)
199 3916 243 3970 Dc
254 3915 312 3970 loc.
326 3911 377 3969 aff.
393 3914 413 3967 l.
429 3910 463 3982 ὅ,
479 3931 504 3967 c.
519 3929 546 3967 a.

136 4009 179 4090 (a)
200 4013 272 4071 oss.
288 4013 354 4070 sub.
367 4031 398 4068 n.
414 4011 467 4084 23,
484 4010 555 4068 etin
566 4009 659 4068 addit.
671 4007 738 4064 obs.
752 4007 780 4065 3.
