2828 4652
133 453 135 457 -
190 417 1047 507 urrunsuorersoumuuc.‚etc.uersuum.
1080 406 1148 480 183

138 541 230 615 alias
247 566 294 616 ex
311 541 531 620 incisaverre
549 540 794 630 missus‚alias
810 566 879 640 per
893 542 1149 620 cucurbitulas
1228 545 1231 552 ’

138 658 319 746 eductus,
348 673 602 756 praeterquam
634 658 742 757 quod
760 683 869 758 aequo
888 659 1057 753 fluidior,
1081 685 1149 734 seu

16 791 17 794 ’
137 777 308 853 molliori
329 791 583 859 crassamento
605 800 755 876 semper
783 774 873 868 fuir,
903 777 1026 852 tribus
1048 794 1152 857 certe

139 894 344 996 postremis
373 897 450 972 sive
483 894 753 986 missionibus,
776 896 854 973 sive
884 896 1152 986 eductiooibus

136 1013 214 1088 hoc
231 1010 505 1089 circumfusum
524 1037 609 1087 sero
628 1012 778 1100 babuit,
793 1014 933 1112 quasia
952 1015 1151 1090 commisto

138 1130 255 1229 rhylo
276 1131 500 1214 albescente.
522 1130 637 1223 Quod
666 1157 745 1208 oon
770 1131 1036 1222 adnotassem,
1053 1133 1084 1207 si
1109 1133 1151 1224 iu

137 1248 238 1328 bene
253 1264 376 1348 pasto,
393 1264 436 1336 ut
451 1249 563 1340 alias,
580 1265 618 1324 et
630 1265 731 1326 certa
747 1272 769 1322 a
787 1250 949 1348 sumptis
962 1249 1151 1328 alimentis

137 1365 236 1440 hora
254 1367 294 1438 id
309 1367 495 1444 vidissem.
514 1367 588 1445 Sed
607 1369 779 1442 insecuto
790 1391 919 1444 meuse
934 1367 1041 1443 alteri
1052 1391 1151 1466 quo-

135 1510 214 1585 que
240 1487 372 1583 juveni
408 1490 559 1588 sanguis
594 1487 729 1564 missus
773 1477 882 1566 tertia
892 1474 907 1574 ,¹
943 1501 980 1560 et
1019 1509 1150 1561 rursus

136 1605 270 1705 quinta
279 1603 405 1683 morbi
417 1605 478 1688 die
490 1589 504 1695 ,⁴
515 1622 677 1704 utraque
698 1627 823 1684 serum
841 1604 1010 1680 albicans
1022 1619 1149 1680 osten·

134 1721 208 1812 dit,
220 1723 353 1822 exigua
377 1724 533 1821 quidem
551 1725 659 1823 copia
670 1725 768 1814 ,imo
779 1723 830 1805 ‚ad
841 1747 979 1824 paucas
988 1723 1149 1799 omnino

134 1853 262 1938 guttas
271 1843 381 1922 tertia
393 1842 455 1917 illa
476 1842 651 1932 discum
664 1858 762 1922 esset
777 1857 1072 1926 cressementum
1084 1841 1150 1916 du·

133 1981 241 2048 rum,
261 1973 299 2035 et
318 1974 443 2037 crusta
463 1959 672 2037 obductum
694 1959 896 2036 mediocris
933 1958 1148 2034 crassitudi-

134 2076 212 2164 nis,
229 2076 335 2174 quod
362 2073 433 2150 fuit
454 2079 588 2176 quinta
614 2078 766 2152 mollius
790 2098 906 2176 quam
921 2083 1003 2175 'par
1023 2080 1087 2166 sit,
1110 2091 1148 2150 et

136 2192 478 2268 obductumcrusta
488 2219 568 2268 non
583 2195 708 2271 minus
721 2220 835 2292 quatu
844 2195 986 2293 ipsum,
1003 2218 1146 2282 crassa,

134 2335 208 2394 nec
229 2310 323 2384 dura
342 2313 405 2394 ille
431 2314 606 2412 quidem,
630 2313 765 2388 sedita
786 2314 909 2389 tenaci
931 2328 969 2384 et
988 2311 1147 2387 sectioni
1213 2377 1215 2388 .

134 2432 352 2522 resistente,
367 2447 410 2507 ut
427 2433 550 2506 cultro
563 2434 623 2508 vix
644 2455 687 2502 ac
704 2435 766 2506 vir
779 2430 934 2530 quidem
949 2429 1071 2504 scindi
1082 2454 1148 2529 po·

134 2552 261 2628 tuerit.
292 2550 360 2624 Hic
381 2573 472 2624 vero
498 2551 594 2630 alter
620 2551 770 2648 jurenis
799 2548 895 2627 febri
933 2545 1147 2638 laborabat,

134 2689 221 2766 quae
236 2665 285 2743 ad
300 2667 570 2767 malignitatem
585 2668 916 2771 potiusverflebat,
926 2692 1041 2766 quam
1051 2681 1148 2740 esset

135 2785 323 2886 maligna,
341 2787 464 2863 multo
479 2788 608 2886 priore
623 2787 687 2858 illa
703 2803 785 2858 tum
803 2785 975 2875 brevior,
995 2801 1076 2858 tum
1094 2783 1147 2856 le·

135 2904 236 2994 rior,
267 2920 304 2978 et
323 2905 403 2981 sine
427 2905 610 3005 periculis.
639 2910 685 2978 Iu
715 2905 797 2982 aliis
824 2919 951 2978 autem
975 2903 1147 3002 malignis

136 3017 307 3098 febribus
324 3022 364 3099 ἰιι
381 3022 520 3122 quibus
542 3023 599 3100 hee
613 3037 893 3122 apparuerunt,
911 3045 1035 3118 neque
1053 3018 1147 3090 albi·
1246 3079 1248 3096 .

138 3163 230 3215 cans
242 3164 368 3218 serum
380 3140 617 3239 ridi‚neque
634 3141 902 3214 mollissimum
917 3161 1150 3212 crassamen-

138 3273 222 3338 tum
236 3313 246 3347 ,
260 3260 338 3332 imo
363 3259 439 3337 hoc
457 3259 650 3338 interdum
666 3283 774 3358 aequo
797 3258 947 3345 durius,
964 3255 1059 3354 quin
1078 3251 1149 3326 du·

138 3376 333 3451 tissimum
348 3378 388 3450 in
398 3379 527 3478 aliquo
540 3380 603 3451 cui
622 3377 767 3455 solebat
783 3376 871 3448 alias
883 3398 964 3448 esse
983 3372 1147 3444 mollius.

140 3496 323 3568 Proterea
342 3498 517 3586 memini,
534 3522 623 3570 cum
634 3521 747 3594 super
761 3492 930 3566 febribus
949 3491 1057 3590 quasi
1073 3514 1152 3589 pes·

141 3609 357 3702 silentibus,
370 3639 452 3712 qum
475 3615 611 3714 passim
631 3638 734 3686 anuo
756 3610 1150 3710 1731reristempore

142 3729 183 3798 iu
197 3753 240 3800 ea
260 3745 366 3828 parte
384 3734 463 3831 agri
479 3733 644 3804 Patavini
670 3728 872 3804 saeviebant
896 3753 977 3826 quae
1007 3728 1152 3797 circum

145 3849 437 3922 Moutaneauam
453 3863 508 3925 est
525 3851 703 3948 (sicenim
714 3863 802 3922 sunt
813 3847 880 3944 qui
891 3869 996 3918 nunc
1007 3843 1152 3930 dicant3
