2872 4660
294 471 338 546 16
460 493 506 542 nr
532 483 676 542 scurrus
702 491 745 538 ur
771 488 895 538 causta
920 488 1130 538 morannum

291 615 505 704 Utrumque
517 607 659 676 interea
673 604 862 703 perstabat
884 605 1042 691 malum,
1065 606 1118 676 sic
1142 619 1292 694 mmen,

289 743 334 808 ut
352 752 430 798 non
446 723 646 796 difficulter
668 720 837 794 terretur.
856 722 1033 813 Quotidie
1055 723 1157 794 enim
1181 747 1293 794 mane

292 842 645 942 surgebatmulier‚
673 838 815 928 stabat,
850 838 1024 928 sedebat,
1058 837 1293 929 ambulabat,

290 961 409 1034 rheda
427 961 537 1031 etiam
557 983 639 1029 cum
658 958 785 1046 vellet,
805 957 930 1028 miuus
950 956 1200 1056 probantibus
1226 983 1295 1029 no-

292 1079 372 1167 bis,
394 1103 461 1176 per
481 1077 615 1148 urbem
633 1074 865 1161 vehebatur,
885 1099 957 1146 nec
988 1073 1196 1173 quidquam
1218 1073 1295 1147 fere

291 1195 469 1295 prodibat
496 1195 697 1292 sanguinis.
729 1197 853 1264 Noctu
881 1193 1083 1280 duntaxat,
1103 1217 1198 1264 cum
1220 1194 1295 1264 sive

292 1315 447 1411 supina,
467 1315 543 1384 sive
563 1313 603 1382 in
627 1312 722 1384 latus
740 1312 933 1383 sinistrum
954 1309 1128 1400 cubaret,
1148 1313 1186 1380 in
1203 1311 1296 1382 dex:-

290 1447 415 1504 terum
430 1432 530 1502 enim
542 1429 644 1502 haud
657 1443 834 1528 poterat,
852 1427 1083 1526 profluebat,
1111 1429 1187 1500 sive
1209 1430 1297 1500 lecti

292 1548 590 1636 calormovcret,
607 1553 681 1618 sive
699 1571 777 1616 non
792 1548 951 1642 jacentis
968 1547 1066 1617 uteri
1080 1547 1214 1618 osculo
1228 1546 1294 1617 ali-

293 1665 386 1763 quid
403 1690 440 1738 se
459 1680 671 1762 opponeret
687 1663 792 1761 quod
811 1665 990 1760 operiret,
1008 1678 1073 1735 aut
1095 1665 1205 1762 quasi.
1227 1663 1298 1735 ob·

292 1798 445 1856 turaret.
464 1788 600 1854 Praeter
616 1781 655 1854 id
674 1781 779 1879 quod
796 1795 915 1852 noctu
931 1778 1144 1871 efflorerat,
1162 1807 1298 1880 magna

293 1918 372 1974 erat
389 1901 556 1972 concreti
571 1901 761 1998 sanguinis
789 1901 897 1996 copia
920 1923 1106 1996 quaecum
1129 1882 1296 1997 primum

294 2036 480 2118 surgeret,
499 1999 714 2091 excidebat}
735 2023 839 2089 Inter
859 2016 938 2088 haec
961 2017 1008 2090 ad
1031 2035 1180 2091 caeteras
1204 2043 1297 2092 moe-

292 2139 390 2209 roris
406 2161 534 2210 causas
552 2137 766 2235 gravissima
794 2135 964 2234 quaedam
988 2161 1075 2208 cum
1097 2139 1297 2234 repentino

291 2271 437 2328 terrore
456 2258 610 2326 accessit
630 2279 673 2326 ex
693 2277 764 2325 nec
794 2256 948 2352 opinato
974 2255 1044 2324 viri
1065 2252 1295 2342 infortunio,

293 2373 397 2472 quod
429 2388 471 2442 ut
504 2373 631 2442 civitas
661 2373 835 2444 universa
867 2373 1218 2462 commiseratione,
1246 2375 1298 2446 ita

291 2516 389 2564 uxor
401 2490 574 2586 lacrymis
587 2543 597 2578 ,
612 2504 649 2560 et
663 2489 819 2585 planctu
834 2490 990 2588 excepit.
1015 2494 1061 2561 Et
1082 2515 1124 2562 ea
1144 2489 1298 2588 quidem

293 2634 376 2708 quae
396 2609 516 2705 prima
544 2608 712 2678 insecuta
738 2621 814 2692 est,
849 2622 961 2679 nocte
998 2609 1149 2706 sanguis
1179 2606 1299 2682 ferme

294 2729 451 2800 omnino
464 2725 637 2798 substitit.
657 2730 702 2797 At
725 2726 905 2822 'pmximis
922 2726 982 2797 vel
1004 2723 1123 2798 fusius
1141 2724 1298 2798 effluxit.
1357 2791 1360 2797 .

293 2852 373 2918 Jam
395 2858 569 2916 nouerat
587 2843 773 2941 quispiam
790 2845 857 2940 qui
871 2858 993 2929 tanta,
1018 2859 1055 2914 et
1074 2859 1148 2914 tam
1166 2844 1299 2916 crebra

294 2964 485 3060 sanguinis
502 2959 684 3033 effusione
696 2976 881 3059 spectata,
907 2961 1097 3058 gravidam
1127 2962 1299 3035 crederet

292 3106 372 3154 esse
389 3105 497 3178 posse
518 3081 714 3150 mulierem
728 3107 737 3167 ;
753 3079 818 3151 sed
836 3104 883 3150 ne
901 3081 982 3176 ipsa
998 3078 1151 3176 quidem
1172 3080 1298 3152 crede·

293 3199 357 3270 hat
374 3197 546 3295 amplius.
565 3195 659 3271 Mihi
680 3211 826 3285 tamen,
850 3198 1021 3294 quamvis
1044 3198 1186 3286 senior,
1213 3223 1298 3272 aus·
1379 3191 1386 3206 ⁵

294 3315 459 3390 cultabat
473 3315 642 3388 medicus
663 3339 759 3412 saepe
779 3315 1005 3401 inculcanti,
1030 3313 1220 3410 judicium
1234 3315 1299 3386 ad·

293 3433 386 3519 huc,
402 3449 442 3503 ut
457 3434 496 3502 in
512 3433 669 3505 muliere
682 3457 765 3529 quae
778 3431 1061 3530 sanguineadeo
1071 3429 1297 3521 abundaret,

294 3574 372 3621 esse
400 3549 686 3622 sustinendum:
718 3550 977 3646 conceptionis
1013 3549 1132 3620 solita
1157 3548 1297 3621 indicia

294 3667 420 3738 omnia
430 3669 676 3764 praecessisse3
694 3665 902 3738 abortionis
914 3667 953 3736 in
967 3663 1087 3738 effuso
1099 3670 1298 3766 sanguine,

292 3798 465 3856 accurate
485 3807 633 3879 semper
656 3784 846 3884 inspecta,
863 3785 1017 3880 vestigia
1039 3783 1202 3854 necdum
1220 3785 1298 3856 ulla

292 3902 535 4001 apparuisse:
555 3897 655 3970 lente
680 3899 833 3996 quidem
859 3917 1009 3972 uterum
1029 3902 1297 3994 intumescere;

291 4044 423 4096 verum
438 4019 467 4090 si
484 4019 634 4115 parcius
647 4017 799 4092 taudem
817 4021 968 4118 sanguis
987 4017 1170 4112 efflueret,
1188 4023 1298 4095 citius
