2828 4652
164 475 234 524 ara.
245 472 295 520 1v.
307 464 788 539 oruoaa1scmauao.‚etc.
798 475 1016 524 rarorum
1049 455 1118 554 169

109 588 215 660 enim
235 589 456 658 Mortonum
481 585 537 684 (1)
562 587 814 686 interpretor,
834 587 912 661 haec
933 591 1121 690 attingen-

108 720 202 778 tem.
224 708 416 792 Contra,a
435 703 601 801 subjecta
613 705 845 804 pinguedine
854 706 1014 783 distenta
1027 685 1123 783 cutis

112 838 153 898 et
166 824 278 912 nitet,
297 838 339 894 ut
364 830 497 896 omnes
517 822 667 911 vident,
697 839 734 894 et
758 824 909 896 mollior
929 842 1129 916 servatur,
1159 877 1160 884 κ

112 956 166 1026 ut
179 942 220 1012 in
238 941 349 1014 suillo
369 943 474 1014 corio
493 942 533 1012 in
552 941 819 1014 minutissimas
843 956 968 1040 partes
995 946 1125 1017 conci-

113 1058 244 1132 dendo
254 1059 315 1130 vel
331 1056 570 1130 farciminum
589 1055 823 1132 confectores
845 1063 987 1132 norunt
1008 1085 1053 1133 eo
1070 1063 1124 1134 le·

112 1177 213 1248 riori
232 1176 361 1249 labore
387 1179 535 1249 utentes
557 1201 636 1275 quo
655 1177 834 1276 pinguior
861 1201 923 1250 sus
950 1193 1049 1268 erat;
1075 1203 1122 1252 eo

114 1295 270 1390 majori,
287 1319 365 1393 quo
383 1295 518 1381 minus.
538 1294 610 1366 Sed
622 1295 669 1366 ad
686 1295 950 1368 dissentionem
967 1293 1123 1370 alteram

113 1428 373 1504 transeamus,
391 1413 431 1484 in
449 1437 523 1513 qua
540 1409 741 1486 manifesta
760 1414 915 1512 quidem
934 1416 1123 1518 viscerum

115 1544 153 1602 et
183 1531 325 1604 ventris
351 1545 389 1604 et
420 1529 587 1604 thoracis
611 1555 742 1621 noxa,
777 1547 815 1604 at
843 1532 922 1607 sine
948 1531 1125 1606 abscessu

114 1664 386 1752 apparuerunt.

170 1768 225 1844 18.
264 1768 370 1841 Senis
397 1765 492 1842 adeo
516 1769 701 1858 amadati,
727 1783 770 1841 ut
803 1767 912 1842 senili
938 1792 1125 1841 marasmo

114 1885 364 1985 absumptum
395 1886 593 1976 dicerent,
632 1887 791 1960 cadaver
814 1888 859 1963 in
889 1889 1126 1985 gymnasium

114 2003 264 2076 illatum
282 2017 356 2092 est,
388 2003 492 2076 unde
520 2013 712 2078 anatom'es
731 2005 861 2078 saltem
877 2001 1030 2076 'initium
1057 2004 1127 2076 du·

116 2145 250 2194 cerem
268 2136 353 2194 aute
372 2119 489 2194 finem
518 2123 682 2219 januarii
712 2124 802 2194 anni
843 2128 946 2222 1741.
983 2124 1127 2193 Venter

116 2239 315 2339 glandulas
347 2239 482 2314 habuit
516 2266 604 2315 cum
641 2242 681 2313 in
720 2265 898 2318 mesaraeo
923 2263 1003 2310 non
1030 2238 1126 2312 adeo

115 2361 352 2448 minutas‚ut
368 2373 475 2434 aetate
491 2359 555 2434 illa
573 2357 650 2433 fere
668 2359 807 2448 solent,
833 2373 919 2460 tum*
938 2382 1007 2457 per
1019 2356 1128 2428 iliaca
1163 2343 1166 2350 “

114 2501 203 2550 vasa
240 2474 287 2550 ab
321 2474 458 2560 horum
492 2479 638 2577 origine
676 2477 724 2550 ad
761 2475 884 2551 femur
918 2499 1038 2573 usque
1069 2487 1128 2546 tot
1168 2544 1171 2550 s

116 2609 155 2668 et
181 2609 323 2682 tantas,
351 2610 394 2668 ut
407 2619 450 2668 ea
465 2619 552 2667 vasa
583 2611 768 2696 perpetua
791 2593 956 2695 quadam
975 2591 1128 2664 illarum

8 2790 14 2810 ι
115 2714 224 2811 quasi
265 2727 396 2786 catena
429 2704 745 2802 obducerentur‚
790 2735 953 2810 quarum
992 2709 1127 2807 aliquae

117 2831 216 2904 duos
232 2846 353 2903 tresve
371 2821 992 2930 digitostransversoslongitudine
1006 2851 1130 2922 aequa·

115 2949 232 3038 bant,
265 2946 509 3022 crassitudine
553 2951 664 3024 etiam
700 2973 866 3047 magnae;
913 2961 955 3018 ut
991 2947 1130 3016 mirum

117 3092 199 3142 non
222 3081 337 3156 essct,
368 3089 430 3139 eas
460 3067 614 3142 arterias
643 3065 849 3166 parietibus
883 3063 1010 3136 videre
1034 3087 1131 3132 non·

118 3184 217 3258 nihil
244 3181 414 3274 inflexis,
447 3199 484 3258 et
507 3185 614 3286 quasi
639 3185 836 3272 varicosis,
860 3182 1005 3280 quippe
1032 3203 1130 3276 quos

118 3302 308 3398 ejusmodi
327 3301 512 3401 glandula
527 3304 726 3401 stiparent,
743 3316 780 3373 et
798 3313 1032 3400 premerent:
1048 3295 1147 3395 quae'

119 3434 248 3492 tamen
276 3434 620 3510 commereatur,
644 3445 665 3490 a
697 3443 786 3494 sana
815 3414 1131 3515 lymphaticarum

120 3535 389 3634 glandularum
407 3539 678 3608 constitutione
699 3535 911 3633 discrepare
930 3532 1132 3604 non-vide-

119 3653 273 3730 bantur.
301 3655 374 3731 Sed
399 3655 494 3744 tien,
513 3656 653 3728 caeteris
675 3652 976 3730 dimensionibus
1004 3653 1131 3748 potius

128 3861 1134 3892 nnn—mmm

161 4028 206 4108 (ι)
228 4029 425 4112 Phthisiolog.
437 4031 459 4090 1.
476 4031 508 4105 3,
522 4050 547 4089 c.
562 4031 609 4090 13.
