2816 5282
154 455 221 500 ιη.
235 455 283 500 ιν.
298 455 345 502 ur
361 452 495 500 uoams
508 452 707 515 namuro,
723 443 790 504 etc.
807 454 918 500 rmsr.
936 455 1007 499 mv.
1035 428 1107 500 603

105 568 269 666 ampliss.
308 566 548 638 Swietenium
568 565 633 662 (1).
658 566 839 638 Vesiculae
857 566 1010 663 quidem
1031 567 1113 637 vul-

103 686 207 774 neri,
220 685 382 782 bilisque
395 685 434 754 in
448 685 589 756 ventris
604 709 737 756 cavum
753 681 929 756 effusioni
945 710 1027 780 quae
1041 699 1111 754 sta·

104 803 194 888 tim,
207 817 243 874 et
266 827 348 899 quae
363 800 499 872 deinde
521 804 769 873 successerint
785 827 865 873 non
884 802 998 889 levia,
1013 801 1113 873 vide-

105 919 363 1008 bis3attameu
377 944 455 991 non
474 934 559 991 ante
581 918 654 989 diei
669 921 817 1016 septimi
836 921 983 990 initium
1009 943 1114 989 mor-

104 1053 184 1111 tem
195 1037 382 1134 obtigisse.
403 1042 486 1108 Haec
506 1053 630 1108 autem
645 1038 683 1106 in
693 1038 810 1108 altero
825 1039 998 1134 exemplo
1008 1034 1112 1134 quod

105 1155 267 1254 protulit
284 1154 328 1226 cl.
354 1159 548 1226 Tacconus
570 1153 646 1252 (a),
681 1157 836 1227 minime
865 1154 1020 1242 accidit3
1049 1152 1114 1226 sed

106 1273 245 1344 mulier
258 1271 693 1370 cuiabscessushepatis,
709 1297 795 1344 cum
805 1273 1010 1371 peritonaeo
1029 1297 1116 1344 cou-

112 1406 247 1478 uatuS,
267 1391 398 1486 cystim
421 1406 596 1488 ruperat,
615 1415 771 1488 prorsus
792 1391 993 1462 convaluit.
1012 1391 1114 1480 Quin

111 1507 260 1583 Bohnio
274 1507 328 1605 (3)
343 1508 561 1605 adstipulari
576 1510 614 1578 iu
635 1535 680 1580 eo
697 1507 807 1580 video
821 1508 864 1578 cl.
882 1507 1117 1578 Kaltchmid·

111 1628 206 1698 tium
227 1629 280 1723 (4)
299 1624 402 1722 quod
423 1627 501 1696 siue
523 1620 633 1720 c'ystis
653 1625 727 1696 bile
748 1629 821 1696 vita
841 1627 959 1722 possit
977 1625 1116 1698 diutius

111 1742 306 1840 protrahi:
329 1743 405 1814 imo
431 1766 606 1829 censere,
625 1768 705 1812 eam
723 1742 859 1829 bilem,
878 1744 977 1816 intra
998 1742 1115 1812 abdo·

112 1885 202 1932 men
222 1858 395 1948 effusam,
417 1877 713 1958 praesantaneum
735 1885 804 1958 per
825 1886 960 1930 senon
983 1858 1116 1932 afferre

111 1977 336 2075 periculum.
372 1982 511 2049 Contra
536 1977 630 2050 nulli
659 1977 886 2048 dubitationi
907 1977 1116 2049 obnoxium

111 2109 188 2183 est,
205 2097 234 2166 si
252 2096 374 2166 vesica
388 2095 504 2168 altera
518 2150 527 2183 ,
540 2094 578 2165 id
600 2089 655 2165 est
672 2095 857 2182 urinaria,
879 2097 930 2166 ita
942 2097 1117 2167 vulnere-

108 2229 194 2298 tur,
209 2227 249 2282 ut
263 2212 395 2284 lotium
416 2213 514 2284 iutra
533 2215 673 2284 ventris
689 2237 821 2283 cavum
834 2214 1021 2309 ejiciatur;
1039 2239 1118 2312 gra·

108 2331 279 2402 vissimas
293 2329 351 2426 (ut
370 2331 481 2402 etiam
495 2354 580 2402 cum
601 2331 752 2402 sauciati
764 2346 852 2402 sunt
869 2333 1051 2426 ureteras)
1064 2332 1117 2402 le·

114 2447 309 2544 thalesque
326 2447 477 2521 demum
495 2447 585 2520 hinc
603 2436 681 2522 esse
710 2473 835 2520 noxas.
864 2453 994 2546 Neque
1015 2450 1118 2519 euim

115 2589 264 2662 semper
277 2566 386 2636 urina
405 2567 529 2637 omnis
546 2591 614 2664 per
623 2565 761 2638 vulnus
778 2567 867 2654 exit,
888 2581 930 2638 ut
940 2567 980 2635 in
999 2570 1120 2662 Ruysa

114 2683 191 2754 chii
203 2682 275 2780 (5),
288 2683 423 2754 Bohnii
437 2684 512 2781 (6),
530 2685 682 2756 Martini
697 2682 752 2782 (7)
771 2684 1118 2770 observationibus,

113 2801 236 2874 donec
255 2802 409 2897 incipiat
428 2827 496 2898 per
511 2802 700 2872 urethram
720 2803 892 2890 excerni,
912 2827 981 2898 per
1004 2827 1119 2898 quam

113 2921 240 3018 primo
265 2915 436 3016 tempore
463 2917 566 2988 nulla
599 2934 758 3014 poterat.
800 2925 893 2989 Saue
927 2918 1120 2989 interdum

113 3037 252 3110 vulnus
271 3061 350 3108 non
370 3061 415 3107 ex
430 3035 609 3124 adverso,
626 3035 691 3106 sed
708 3060 725 3104 a
745 3049 851 3132 tergo
872 3036 1001 3106 vesicae
1022 3033 1121 3103 infli-
