2854 4660
169 448 234 494 tra.
245 447 294 494 tv.
312 447 359 492 or
373 445 509 494 nouars
524 446 718 509 catanae,
734 437 803 494 etc.
822 449 934 496 nrrsr.
946 451 993 496 tr.
1022 426 1092 515 345

103 559 290 660 superficie
316 575 428 634 tenus
451 576 705 634 contraxerat:
725 563 943 659 nullamque
967 562 1014 636 ab
1039 565 1096 634 in·

103 681 231 751 teriore
245 677 336 753 facie
351 680 558 767 laesionem,
577 705 660 777 quae
675 679 745 751 sub
762 704 912 752 sensum
928 680 1105 769 caderet,.

102 796 266 868 ostendit.
288 801 462 868 Attamen
479 799 634 868 interos
652 813 689 869 et
707 795 842 868 duram
861 799 1097 896 meningem,
1184 778 1186 792 ³

103 917 136 984 in
168 914 278 1010 hujus
309 933 502 988 vasorum¹
520 915 728 986 interstitiis
756 910 920 989 materia
949 916 1099 986 cinerea

103 1032 350 1104 animadversa
364 1045 440 1118 est,
461 1056 540 1103 non
567 1033 728 1124 multum
754 1033 841 1130 puri
857 1031 1013 1104 densato
1033 1031 1098 1102 ab·

104 1151 242 1239 similis,
277 1174 320 1220 ea
348 1149 529 1222 duntaxat
556 1164 661 1248 parte
693 1174 776 1247 quae
804 1150 896 1222 ictui
928 1149 1098 1245 subjecta

102 1265 232 1370 fuerat:
249 1267 457 1367 eademque
468 1269 647 1343 duntaxat
664 1283 768 1366 parte
789 1267 989 1340 cerebrum
1007 1293 1099 1365 quo·
1205 1327 1208 1334 .

69 1393 70 1402 ’
102 1411 168 1482 que
189 1383 236 1457 ad
255 1386 419 1458 duorum
441 1385 647 1484 digitorum
675 1400 976 1461 transversorum
1008 1411 1098 1484 pro-

101 1499 343 1592 funditatem,
364 1504 521 1576 livorem
550 1519 797 1577 contraxerat.
820 1504 976 1604 Reliqua
1003 1505 1100 1575 iutra

102 1623 263 1694 cranium
281 1624 408 1694 omnia
425 1647 514 1695 sana
529 1639 647 1696 erant.
671 1627 766 1694 Sana
779 1647 934 1720 quoque
954 1623 993 1692 in
1012 1619 1098 1692 tho-

101 1762 177 1810 race
193 1742 331 1810 omnia.
354 1742 510 1838 Sanguis
528 1755 654 1812 autem
666 1755 744 1812 erat
762 1741 921 1812 maxime
939 1737 1097 1826 fluidus,

101 1854 128 1924 si
140 1855 177 1926 ,in
197 1855 352 1929 dextero
367 1855 493 1930 cordis
506 1857 718 1929 ventriculo
734 1857 895 1955 excipias
909 1855 1098 1954 polyposae

104 1977 349 2054 concretionis
367 1974 688 2046 inchoamentum.
1013 2051 1017 2062 .

149 2090 199 2164 15.
216 2092 445 2166 Adolescens
468 2093 561 2164 alter
589 2091 719 2164 eadem
745 2108 869 2182 aetate,
892 2092 1098 2190 sanguineo

102 2221 413 2306 temperamento,
443 2209 577 2282 habitu
600 2225 725 2282 autem
747 2209 950 2308 subpingui
969 2207 1101 2306 praedi-

104 2339 185 2412 tus‚¹
194 2326 365 2400 kalendis
379 2327 575 2399 novembr.
595 2329 685 2398 anni
707 2328 820 2416 1688,
846 2328 885 2398 in
904 2327 1099 2424 superiore

106 2439 231 2516 frontis
250 2461 355 2544 parte
375 2445 420 2516 ad
440 2445 568 2516 laevam
589 2445 789 2533 sauciatus,
805 2445 987 2516 continuo
1002 2444 1101 2515 cadit

102 2584 180 2632 cum
194 2564 318 2661 aliqua
336 2564 466 2662 capitis
480 2561 775 2661 perturbatione.
797 2563 891 2642 Inde
908 2562 956 2633 ad
973 2568 1005 2634 S.
1020 2565 1099 2633 Ma-

100 2678 157 2750 riae
187 2681 233 2752 de
259 2685 381 2753 Morte
411 2684 674 2754 nosocomium
714 2680 920 2768 adductus,
954 2679 1101 2772 felicem

101 2800 297 2870 curationis
314 2800 453 2872 exitum
470 2824 619 2898 sperare
646 2825 756 2898 posse
779 2799 996 2887 videbatur,
1013 2823 1101 2871 curn

100 2914 174 2986 siue
189 2915 293 2988 lehre
314 2917 499 2989 naturalia
518 2919 647 2988 munia
670 2919 756 2990 satis
772 2916 905 2988 obiret.
931 2920 1023 2986 Ecce
1043 2941 1103 2986 au-

98 3043 170 3102 tem
187 3033 248 3106 die
267 3033 471 3106 undecimo
493 3032 607 3105 febris
631 3034 798 3133 ingruit:
820 3058 901 3130 quae
917 3031 1099 3130 postridie

101 3152 243 3245 gravior
261 3149 374 3241 facta,
395 3151 563 3224 secandae
579 3151 716 3223 iterum
730 3173 996 3224 venaeicausam
1012 3174 1101 3246 prae-

99 3261 186 3338 buit.
207 3271 355 3342 Vulnus
375 3294 445 3368 pro
458 3283 642 3340 concocto
651 3263 761 3366 pure,
780 3291 950 3340 serosum
965 3280 1001 3336 et
1017 3289 1101 3337 san-

99 3386 359 3478 guinolentum
392 3386 585 3458 emittebat
604 3386 834 3457 humorem:
861 3408 945 3482 pars
966 3380 1100 3454 frontis.

98 3500 242 3576 vulneri
268 3479 435 3600 subjecta
464 3503 761 3576 intumescebat:
790 3501 942 3574 dolores
973 3517 1100 3574 autem

98 3623 244 3715 capitis,
262 3639 434 3710 artuum,
464 3638 501 3696 et
526 3623 629 3696 dorsi
663 3621 914 3709 accedebant,
940 3623 1006 3718 qui
1027 3617 1099 3692 sub

98 3732 227 3808 decimi
248 3741 371 3836 quinti
396 3739 470 3811 diei
497 3739 613 3812 finem
640 3742 679 3811 in
709 3739 963 3838 spasmodicas
989 3734 1100 3808 aflec-

96 3852 215 3926 tiones
234 3857 521 3957 degenerarunt.
554 3857 774 3964 Eodemque
797 3873 988 3953 ternpore,
1012 3876 1100 3924 cum

95 3967 157 4041 illo
186 3974 341 4064 ineunte
365 3977 425 4048 die
454 3973 614 4048 delirare
634 3976 809 4074 coepisset
834 3972 928 4046 adeo
947 3985 990 4044 ut
1017 3971 1099 4041 vin·
