2784 5088
293 439 367 532 454
461 462 508 512 or
534 461 681 512 stoicus
705 463 749 510 ar
774 461 899 511 musis
924 459 1132 511 nonnosum

295 604 400 667 rum,
422 577 641 666 haedorum,
663 593 700 648 et
713 573 847 648 canum
867 579 1091 664 viventium,
1114 581 1282 649 recentio-

294 721 356 771 res
375 697 595 783 antevertit,
619 694 697 768 haec
714 693 882 768 scribens
901 721 908 764 :
942 695 1049 794 quod
1063 721 1210 768 summa
1229 695 1283 766 ad-

295 819 496 887 mir'atione
524 811 679 910 dignam
699 819 846 902 existit,
880 799 1077 886 brutorum
1103 819 1285 886 visentium

289 933 450 1014 ,cerebra
467 931 609 1020 detexi,
635 929 849 1020 vulneravi,
868 946 904 1002 et
921 937 1070 1003 intactis
1087 939 1222 1020 nervis,
1238 955 1286 1002 eo-

296 1051 732 1150 rumdemqaeprincipio
747 1105 756 1137 ,
773 1065 810 1120 et
824 1047 1042 1121 ventriculis
1059 1049 1192 1120 mediis
1211 1047 1287 1119 illa·

298 1175 361 1256 sis,
380 1175 518 1256 exemi·
533 1183 575 1238 at
587 1167 731 1239 nullum
745 1167 811 1240 vel
818 1173 940 1256 vocis,
953 1167 1019 1239 vel
1029 1172 1288 1268 respirationis,

299 1282 518 1372 celsenses,
538 1283 604 1357 oel
626 1297 749 1355 motus
783 1287 1000 1377 offensionis
1034 1289 1182 1381 signnm
1207 1291 1240 1353 in
1258 1287 1290 1352 tn

298 1399 537 1502 deprehendi.
565 1405 662 1472 Aves
682 1402 824 1500 absque
838 1401 986 1474 cerebra
1004 1402 1229 1500 aliquandiu
1244 1405 1290 1472 oi-

216 1543 219 1551 *
299 1535 406 1606 runt,
423 1535 463 1589 ut
475 1519 629 1617 quilibet
641 1525 677 1590 in
690 1519 841 1616 gallinis
861 1519 928 1592 vel
936 1519 1054 1620 pullis
1070 1518 1291 1616 gallinaceis,

298 1641 332 1708 si
343 1653 503 1707 rastrum
520 1643 777 1736 superiaseum
792 1637 951 1708 dimidia
963 1644 1097 1736 capitis
1103 1653 1219 1736 parte
1229 1637 1292 1706 abs·

301 1753 449 1841 ciderit,
464 1757 677 1853 cerebriqne
690 1759 871 1853 majorem
885 1761 1063 1826 exemerit
1068 1771 1221 1854 partem
1231 1777 1291 1842 ,ea-

297 1879 418 1972 periri
421 1887 560 1972 potest.
582 1876 774 1971 Superiori
791 1891 937 1961 autem,
958 1889 994 1944 et
1012 1871 1087 1944 hoc
1106 1874 1237 1945 seculo
1250 1897 1292 1944 ex·

299 1991 488 2090 perientes
506 1994 575 2062 viri
594 2017 642 2064 ne
660 1991 889 2064 cerebellum
913 1991 1067 2090 quidem
1087 1994 1211 2062 arium
1231 1989 1291 2061 exi-

299 2131 404 2180 mere
422 2111 641 2182 omiserunt.
656 2111 715 2180 Sic
730 2109 774 2179 cl.
797 2112 1126 2181 Zimmermannus
1149 2109 1203 2206 (1)
1221 2129 1289 2178 cum
1357 2179 1358 2224 ,

304 2227 523 2314 cerebrum,
545 2241 581 2298 et
606 2224 835 2299 cerebellum
858 2225 1041 2301 columbae
1071 2225 1291 2310 detraxisset,

303 2346 381 2418 haec
402 2346 545 2432 subit0,
559 2359 595 2416 et
616 2345 774 2440 omnino
794 2347 931 2443 periit:
954 2345 1056 2443 quod
1077 2345 1117 2416 id
1137 2345 1291 2440 conjicias

225 2547 227 2550 ¹
301 2463 403 2534 unde
424 2465 658 2562 potissimum
679 2463 877 2551 acciderit3
896 2488 981 2534 cum
1003 2463 1108 2534 alteri
1131 2459 1291 2535 columbe
1356 2531 1357 2548 ,

304 2581 503 2653 cerebrum
534 2581 757 2667 ademisset,
784 2581 940 2679 haecque
972 2581 1017 2652 ad
1039 2581 1197 2678 aliquod
1218 2595 1292 2651 tem·

305 2723 377 2794 pus
397 2699 538 2769 viveret
560 2713 706 2784 tauren,
725 2698 904 2770 cerebello
918 2713 1091 2798 exempto
1104 2698 1223 2771 subito
1243 2717 1291 2794 pe·

304 2815 377 2884 riit.
403 2817 545 2886 Verum
574 2842 621 2887 ne
655 2843 674 2887 a
708 2813 1020 2912 perfectioribus,
1055 2831 1097 2887 ut
1123 2839 1232 2914 supra
1252 2823 1291 2882 est

305 2936 562 3030 propositum,
579 2929 1055 3018 anim'alibus'recedamus,
1071 2957 1161 3005 cum
1176 2933 1235 3003 has
1249 2930 1291 2999 lit·

304 3067 402 3124 teras
417 3050 463 3123 ad
479 3067 515 3123 te
529 3053 693 3166 primum
707 3055 810 3141 misi,
828 3079 925 3124 uuus
941 3054 1041 3123 inter
1056 3051 1291 3150 plurimosaut

307 3173 450 3256 statim,
469 3185 624 3242 autnon
646 3169 765 3241 multo
787 3185 872 3268 post
887 3186 1060 3241 mortuos
1077 3163 1289 3242 memoraba·

305 3291 367 3356 tur
389 3287 427 3355 in
447 3285 517 3356 hac
538 3288 793 3358 controversia
811 3285 973 3358 Chiracii
987 3288 1091 3357 canis
1116 3287 1183 3384 qui
1200 3283 1289 3353 horas

304 3404 437 3500 viginti
456 3419 618 3500 quatuor
638 3430 658 3474 a
676 3420 828 3502 sumpto
844 3406 1104 3502 experimento
1124 3411 1289 3501 superstes
1353 3491 1354 3508 ἵ

249 3518 252 3527 ’
306 3517 436 3591 fuerat.
453 3523 562 3592 Nunc
580 3537 704 3593 autem
723 3521 854 3609 videa,
876 3521 954 3592 acl.
974 3522 1109 3592 Zinnio
1126 3523 1167 3591 in
1182 3513 1288 3590 cadis·

306 3641 505 3744 sectatione
517 3666 591 3738 qua
610 3641 775 3738 pericula
791 3640 837 3711 ab
853 3664 891 3712 se
907 3638 1003 3712 lacta
1019 3655 1133 3712 etiam
1153 3641 1190 3710 iu
1211 3654 1288 3706 cere·

344 4011 387 4088 (i)
408 4013 531 4071 Dissert.
545 4013 582 4070 de
595 3977 736 4070 irritabil.
753 4017 768 4083 ς
782 4031 830 4085 27,
846 4032 912 4088 exp.
926 4035 941 4086 7
957 4025 986 4071 et
999 4013 1028 4070 8.
