2872 4660
180 432 249 477 nn.
278 432 334 477 uu
364 433 410 480 nr
436 433 573 484 nornis
591 435 899 501 vrnrurs,.nr1sr.
928 441 1054 490 xtvnn
1092 421 1137 519 87

127 542 335 642 prehendit
348 548 474 646 praecl.
494 549 803 624 Helinstediensis
813 551 1006 650 professor
1019 557 1142 630 Fabri·

127 664 211 736 cius
223 665 297 760 (1),
312 677 350 737 et
367 665 525 755 merito,
540 670 684 768 quippe
701 667 947 744 vehementer
962 676 1140 750 resistens

126 784 348 854 necessarie
366 785 406 856 in
425 801 537 884 partu
553 784 783 875 dilatationi,
801 787 1039 864 intercurrens
1055 813 1138 891 par·

127 915 192 973 tus
212 897 390 990 difficilis,
418 917 458 976 et
475 903 793 1002 praeternaturalis
815 903 948 978 referri
975 911 1138 982 censuit:

129 1021 207 1092 sive
240 1045 328 1092 eum
355 1016 547 1093 funiculus
576 1019 802 1096 umbilicalis
835 1022 958 1096 multo
988 1024 1142 1100 brevior

128 1161 244 1235 quam
263 1137 377 1226 solet,
393 1137 542 1227 obstat,
562 1136 676 1244 foetus
692 1141 835 1212 exitum
858 1139 930 1212 sibi
950 1143 1141 1218 molientis

129 1255 349 1344 conatibus,
370 1271 435 1328 aut
449 1257 480 1329 si
501 1255 543 1328 hi
560 1256 761 1330 validiores
779 1259 873 1348 sint,
897 1259 944 1354 ad
973 1283 1140 1360 pncpro-

128 1399 261 1472 peram
286 1373 467 1472 piacentae
493 1375 746 1464 avulsionem,
770 1375 848 1448 imo
877 1378 989 1448 etiam
1012 1377 1060 1450 ad
1083 1379 1141 1452 sui

126 1493 247 1591 ipsius
263 1491 530 1594 abruptionem
546 1509 602 1566 est
612 1509 731 1593 aptus.
753 1495 812 1566 Sic
822 1495 983 1582 videbis,
993 1513 1139 1594 quanto
1154 1589 1157 1596 Δ

126 1612 167 1682 in
183 1611 356 1708 periculo
373 1608 532 1684 etfoetus
548 1627 586 1684 et
605 1627 726 1685 meter
745 1609 902 1702 fuerint,
934 1637 1021 1685 cum
1039 1612 1139 1686 funi-

128 1728 238 1804 culus
258 1730 367 1802 vixi}
386 1744 613 1802 transversos
628 1729 765 1828 digitos
788 1730 954 1828 iongusa
970 1731 1014 1802 cl.
1040 1736 1141 1831 Steg-

126 1871 272 1920 manno
286 1846 340 1946 (α)
351 1863 577 1946 conspectus
593 1861 658 1920 est.
677 1851 731 1920 Ex
748 1847 905 1946 reliquis
918 1865 1044 1922 autent
1058 1873 1141 1950 par·

127 1981 190 2038 tus
225 1963 388 2037 difficilis
415 1966 558 2054 causis,
591 1965 746 2064 quando
778 1987 898 2064 prope
932 1969 1139 2040 innumerae
1230 1977 1234 1986 '

126 2101 238 2174 sunt,
255 2101 296 2158 et
315 2085 386 2157 alia
404 2084 516 2157 nobis
527 2083 797 2173 multaadhuc,
813 2099 850 2158 et
864 2086 965 2157 varia
978 2102 1138 2176 restent3

126 2227 266 2292 unum,
291 2203 356 2276 scd
377 2205 478 2276 inter
500 2203 652 2275 illarum
683 2204 890 2301 praecipuas
914 2227 993 2276 non
1022 2202 1139 2277 infre·

132 2337 337 2422 quentem,
357 2321 433 2393 hoc
452 2321 539 2393 ioco
555 2319 745 2420 prestabit
755 2323 951 2418 attingere.

176 2445 236 2529 Ae.
266 2444 317 2512 Eu
333 2455 388 2512 est
412 2437 525 2513 ioetus
551 2441 591 2510 in
612 2453 721 2512 utero
740 2453 926 2511 mortuus.
945 2440 1020 2531 Qui
1040 2439 1144 2514 hanc

125 2560 296 2659 primurn
317 2555 579 2630 difficultatem
598 2571 720 2646 creat,
739 2573 782 2628 ut
802 2550 1011 2655 plurimum
1027 2556 1139 2629 dubi-

126 2691 249 2767 tetur,
267 2701 362 2748 num
377 2699 507 2749 revera
530 2678 577 2749 sit
596 2691 779 2748 mortuus.
817 2677 934 2748 Erant
960 2675 1051 2747 olim
1072 2677 1140 2774 qui

126 2795 242 2866 nimis
277 2791 402 2881 facile,
423 2807 467 2865 ut
497 2793 615 2868 tristia
645 2791 862 2865 docuerunt
880 2791 1067 2892 exempla,
1099 2795 1138 2866 in

128 2913 244 3012 signis
255 2907 485 3008 quibusdam
498 2913 798 3008 acquiescerent,
812 2913 890 2984 etsi
902 2913 1138 2998 meconium,

129 3029 293 3128 exempli
311 3053 439 3117 causa,
458 3051 527 3128 per
542 3027 726 3101 naturalia
742 3031 985 3127 parturientis
1004 3028 1143 3101 deilue·

128 3161 208 3237 ret,
236 3147 445 3220 extinctum
465 3147 543 3246 jam
574 3171 653 3220 esse
669 3144 801 3219 foetum
824 3171 900 3219 non
923 3145 1142 3220 dubitarent

101 3253 103 3261 ’
131 3267 249 3363 Cujus
275 3263 457 3338 fallaciam
486 3267 582 3364 signi
612 3289 698 3338 cuin
720 3265 783 3336 alii
810 3265 925 3353 alibi,
960 3281 1042 3337 tum
1061 3265 1142 3363 ipse

131 3383 254 3458 multo
268 3383 545 3457 evidentissime
561 3383 624 3456 hic
636 3383 800 3481 cognovi
809 3405 911 3455 anno
924 3384 1028 3482 1730,
1042 3405 1143 3456 mer-

133 3504 272 3576 catoris
293 3527 389 3573 uxor
409 3525 529 3573 annos
546 3517 632 3573 nata
650 3491 800 3575 circiter
815 3501 1095 3602 undetriginta,
1123 3526 1144 3572 a

131 3621 300 3692 triennio
312 3617 447 3708 ferme,
465 3619 551 3692 loco
566 3621 664 3708 vini,
677 3643 815 3718 aquam
828 3617 983 3711 bibens,
1000 3617 1145 3694 cumed

171 3901 217 3981 (r)
239 3904 344 3980 Progr.
357 3903 450 3961 Acad.
463 3903 534 3960 edit.
548 3923 597 3960 an.
616 3903 706 3975 1750,
722 3924 761 3962 m.
776 3902 897 3977 januar.

175 3999 219 4082 (a)
240 4001 319 4078 Epir.
332 4003 370 4060 ii.
388 4005 411 4062 C
437 4003 500 4063 dcc.
517 4004 551 4081 3,
564 4007 601 4063 A.
618 4010 654 4077 4,
670 4005 735 4102 obt.
754 4003 821 4062 113.
