2816 5282
306 405 375 498 tls
464 425 514 477 ns
541 423 686 477 seorsus
711 425 756 474 rr
781 423 904 477 canus
930 427 1140 477 nonnosum

301 544 612 643 spermaticorum
635 565 811 612 vasorum
829 563 898 636 per
925 541 1119 614 musculos
1147 541 1289 615 abdomi·

300 662 358 733 nis
375 661 588 748 transitum,
608 657 867 756 pergebatque
876 658 976 729 inter
991 674 1139 730 rectum
1158 683 1289 732 muscu·

299 779 395 866 lum,
416 791 452 848 et
480 775 653 848 tendines
673 773 918 872 obliquorum
936 774 1004 847 ubi
1027 779 1196 848 concreti
1218 803 1288 850 san-

298 873 421 992 guibis
451 894 603 963 inventa
624 906 679 963 est
700 891 828 988 copia;
852 890 917 962 sed
940 891 980 960 in
1007 894 1153 964 ventris
1176 917 1287 964 eamn

295 1037 374 1082 non
401 1007 653 1109 perveniebat.
673 1011 716 1078 In
742 1007 820 1078 boc
845 1006 1006 1078 multum
1025 1033 1115 1080 aere
1146 1010 1289 1082 distenta

294 1128 490 1212 intestina,
509 1125 749 1221 multumque
764 1139 844 1195 erat
864 1127 1069 1222 stagnantis
1089 1130 1181 1216 seri;
1197 1129 1288 1225 quod

292 1247 433 1345 pariter
448 1259 484 1315 et
501 1244 539 1312 in
560 1242 714 1314 thorace
738 1239 942 1339 stagnabat.
965 1245 1154 1318 Caeterum
1173 1245 1286 1342 hujus,
1303 1337 1307 1356 Ι

215 1354 220 1360 ¹
293 1379 330 1436 et
343 1363 482 1435 ventris
497 1361 738 1457 integerrima
753 1375 860 1430 erant
872 1361 1025 1431 viscera.
1042 1363 1147 1452 Quin
1169 1365 1288 1461 passim

292 1477 454 1550 musculi
469 1475 678 1548 naturalem
710 1456 816 1548 silam
835 1475 1035 1550 servabant
1065 1479 1286 1552 soliditatem.

340 1595 373 1667 3.
397 1596 434 1664 Si
454 1609 601 1680 tumor,
618 1619 695 1691 quo
713 1595 821 1668 istius
834 1595 985 1689 juvenis
1005 1619 1149 1694 corpus
1168 1597 1287 1670 disten·
1370 1567 1371 1650 i

290 1712 473 1800 debatur,
489 1711 633 1809 aliquid
652 1710 749 1783 forte
770 1710 927 1788 baberet
950 1712 1055 1790 unde
1078 1715 1128 1786 ad
1151 1717 1287 1815 emphy-

290 1855 392 1904 sema
421 1845 629 1929 spectaret,
664 1828 822 1927 intelligi
845 1829 946 1904 ‚hinc
978 1848 1112 1929 posset
1146 1833 1286 1933 emphy-

289 1973 392 2022 sema
411 1972 490 2018 non
516 1941 781 2020 a'vulneribus
811 1946 991 2021 duntaxat
1028 1950 1124 2024 oriri
1153 1977 1231 2048 quae
1254 1953 1286 2020 in

288 2065 454 2138 thoracis
474 2089 624 2150 cavum,
651 2077 715 2136 aut
733 2064 778 2136 in,
795 2087 965 2161 asperam
984 2068 1166 2138 arteriam
1188 2070 1285 2166 perti·

286 2196 412 2254 neant.
433 2183 493 2254 Sic
510 2183 621 2254 etiam
633 2179 874 2252 bartholinus
885 2234 896 2266 ,
908 2197 955 2258 ,ut
970 2182 1011 2252 in
1022 2182 1100 2259 bac
1116 2184 1232 2258 babes
1243 2186 1285 2254 Ill

286 2308 452 2378 sectione
471 2304 525 2402 (1)
552 2303 640 2376 libri
666 2307 717 2373 ΙΙΙ
744 2303 1011 2402 Sepulcbreti,·
1027 2329 1119 2382 cum
1151 2308 1286 2406 emphy-

285 2447 388 2495 sema
406 2449 484 2494 non
510 2421 641 2496 faciem
657 2422 799 2513 solum,
822 2423 888 2496 sed
916 2429 1141 2499 universum
1162 2450 1284 2525 corpus
1369 2425 1370 2498 j

285 2555 523 2638 occupasset,
550 2539 686 2610 vulnus
713 2553 840 2611 tamen
866 2541 1038 2615 invenire
1065 2567 1149 2616 non
1177 2545 1284 2644 potuit
1369 2567 1370 2600 l

283 2655 537 2755 profundum,
555 2656 697 2728 nedum
728 2657 834 2755 quod
855 2659 969 2734 ullam
988 2661 1217 2742 ,interiorem
1237 2664 1283 2734 la·

280 2773 389 2846 deret
403 2788 558 2874 partem.
573 2778 629 2846 De
648 2774 782 2847 dolore
799 2789 944 2866 autem,
963 2793 1000 2849 et
1016 2779 1283 2877 impedimento

273 2889 347 2973 illo
367 2892 414 2962 ad
434 2889 578 2979 lauces,
605 2894 825 2965 memineris
850 2893 940 2966 alias
967 2896 1021 2990 (a)
1047 2921 1070 2968 a
1097 2899 1212 2974 nobis
1236 2900 1282 2968 in·

270 3022 415 3120 jectam
433 3033 513 3082 esse
535 3010 769 3082 mentionem
793 3036 873 3082 non
893 3011 1010 3087 modo
1031 3037 1078 3086 ex
1092 3016 1281 3098 Valsalva‚

274 3135 340 3212 sed
365 3153 416 3206 ex
441 3124 606 3226 Wepferi
632 3128 756 3200 etiam,
774 3127 1130 3206 observationibus:
1153 3131 1281 3230 quibus

274 3246 523 3328 adderealias
539 3245 682 3343 poteris
698 3244 908 3319 Eberhardi
924 3245 1096 3350 Gockelii
1111 3249 1191 3346 (3),
1205 3249 1278 3320 Elia

275 3363 482 3444 Camerarii
496 3363 570 3458 (4),
600 3378 637 3436 et
654 3363 821 3437 Mauritii
836 3364 1090 3438 Reverhorstii
1120 3366 1191 3465 (i).
1219 3371 1278 3438 Eas
