2812 4656
304 479 376 553 290
472 477 518 526 DE
544 472 691 524 seuleus
716 473 760 520 ΒΤ
785 469 910 520 CAUSIS
936 471 1146 520 HOHORUM

301 592 411 687 cujus
441 612 560 662 caveae
587 586 747 658 dexterae
770 583 916 682 aliquid
944 583 1135 683 polyposae
1153 605 1314 656 concre-

299 709 414 782 tionis
435 705 672 794 habuerunt3
691 701 739 776 ad
757 703 944 785 exteriora
959 701 1123 774 reditum
1144 717 1222 774 est:
1235 726 1314 772 om·

298 850 443 924 nesque
459 823 629 898 axillares
648 821 806 894 sinistrae
826 817 1011 918 glandula
1038 821 1199 894 inventae
1222 835 1316 892 sunt

298 969 377 1016 non
391 943 514 1016 solum
535 939 731 1038 aliquanto
754 938 974 1026 crassiores,
1000 937 1121 1012 sedet
1141 939 1181 1008 in
1208 963 1316 1010 acer·

297 1086 387 1134 vum
407 1074 558 1132 mutatae
578 1055 863 1130 skirrhosorum
884 1055 1188 1146 tuberculorum,
1211 1081 1318 1128 sum·

299 1203 360 1252 ma
389 1175 642 1264 firmitudine,
676 1173 805 1246 colore
830 1172 978 1244 livido:
1017 1199 1099 1272 quae
1130 1173 1317 1248 cellulosa

300 1297 473 1397 proxima
495 1289 820 1391 complectebatur
847 1290 1090 1380 membrana,
1109 1293 1188 1390 ipsa
1208 1317 1315 1390 quo·

298 1415 433 1512 quein
452 1410 561 1484 valde
586 1407 740 1481 firmum
765 1405 873 1507 qu'asi
907 1423 1088 1482 steatoma
1114 1435 1312 1486 conversa.

297 1536 350 1605 Ex
366 1529 581 1616 bisantem,
599 1529 772 1626 proxima
786 1551 889 1616 vasa,
906 1552 1121 1626 nervosque
1142 1533 1313 1628 compri-

297 1646 510 1736 mentibus,
541 1669 652 1720 causa
694 1645 974 1744 intelligebatur
1009 1661 1090 1718 tum
1121 1646 1312 1745 paralysis

297 1763 547 1866 imperfectae,
574 1779 657 1834 tum
690 1764 894 1862 pertinacis
924 1763 1137 1851 oedematis,
1162 1765 1313 1862 quibus

299 1899 401 1956 artus
419 1883 481 1956 ille
504 1881 760 1971 laboraverat,
785 1897 866 1954 tum
893 1881 1035 1962 doloris
1054 1881 1104 1954 ad
1128 1883 1312 1958 auxillarn

297 2027 384 2076 cum
414 1999 657 2074 attollebatur
682 1998 890 2087 humerus,
915 2015 996 2072 tum
1020 1999 1185 2098 denique
1204 2005 1311 2100 peri·

296 2121 372 2194 culi
391 2120 584 2206 instantis,
607 2142 656 2188 ne
672 2141 794 2216 prava
809 2117 949 2190 indolis
969 2133 1099 2190 tumor
1118 2118 1211 2190 alter
1231 2121 1307 2194 sub

295 2238 405 2311 axilla
424 2248 679 2323 excresceret,
701 2249 949 2332 posteaquam
972 2235 1079 2334 prior
1099 2261 1120 2307 e
1139 2261 1306 2310 mamma

294 2354 417 2428 fuerat
433 2369 614 2428 exsectus.
631 2353 803 2443 Quicum
815 2354 989 2450 protinus
1005 2353 1053 2426 ab
1069 2358 1305 2444 exsectione,
1403 2441 1404 2444 Ἴ

294 2473 448 2571 dempta
471 2497 554 2568 quae
583 2470 798 2542 adhaerebat
819 2471 1071 2571 pinguedine,
1094 2474 1301 2574 inspicere-

292 2606 374 2678 tur,
401 2587 522 2677 ‚forma
541 2591 717 2660 inventus
743 2605 799 2662 est
825 2589 872 2660 ad
903 2590 1048 2662 ovalem
1078 2591 1303 2682 accedente,

294 2709 402 2804 cujus
428 2707 550 2803 major
570 2707 647 2778 axis
669 2705 846 2804 pollicem
867 2732 954 2778 cum
974 2707 1133 2782 dimidio
1152 2710 1306 2785 circiter
1400 2747 1401 2750 ¹

294 2824 475 2924 aequabat.
508 2828 602 2896 Cum
623 2849 669 2894 eo
688 2839 785 2912 tres,
813 2841 878 2896 aut
902 2840 1085 2922 quatuor,
1114 2827 1210 2902 alius
1230 2830 1303 2902 alia
1398 2833 1400 2910 J

278 2941 571 3042 magnitudine,
592 2940 657 3014 sed
678 2943 782 3038 parvi
800 2966 950 3028 omnes,
967 2945 1301 3022 continuabantur.

289 3062 346 3136 Ad
357 3062 515 3147 horum,
534 3076 570 3132 et
590 3059 691 3130 illius
704 3076 877 3132 centrum
889 3061 1063 3134 dissectio
1076 3067 1300 3162 sanguinem
1396 3069 1397 3072 ’

290 3178 455 3253 ostendit
477 3176 693 3275 putridum,
720 3176 995 3278 pallidumque:
1014 3179 1119 3252 hune
1144 3186 1300 3256 materia

288 3292 638 3394 comprehendebat
662 3294 786 3366 media
817 3296 917 3366 inter
949 3296 1227 3395 puriformem,
1263 3317 1298 3374 et

288 3413 492 3487 sebaceam.

339 3536 397 3626 49.
431 3525 623 3600 Nonnulla
657 3553 762 3624 qum,
801 3532 1008 3628 respirante
1041 3534 1227 3625 muliere,
1258 3540 1295 3608 in

286 3648 436 3747 pleura,
452 3647 491 3716 in
512 3644 642 3732 costis,
665 3661 701 3716 et
713 3647 1009 3720 intercostalium
1034 3653 1292 3726 musculorum

286 3767 410 3864 parte,
429 3788 514 3834 cum
527 3761 605 3836 haec
619 3777 808 3860 paterent,
820 3764 1039 3863 diligenter,
1061 3769 1293 3870 solerterque

286 3884 483 3957 observata
500 3893 607 3966 sunt,
625 3882 860 3977 praetermisi3
873 3907 951 3954 non
967 3885 1073 3981 quod
1087 3912 1169 3958 non
1182 3888 1291 3989 digua

233 4028 245 4056 ι
285 4015 510 4106 essentque
526 4013 850 4088 memorarentur,
876 4000 941 4074 sed
961 4003 1067 4098 quod
1092 4007 1221 4081 minus
1246 4006 1289 4078 ad
