2854 4660
223 458 291 504 nm.
306 456 355 503 iv.
372 457 419 502 nu
430 453 566 503 ironam
581 455 776 520 cursuum,
793 447 862 504 etc.
879 451 990 508 rrrsr.
1006 463 1053 509 ur.
1082 441 1154 539 349

147 585 238 646 sunt
254 569 497 657 duriuscula,
515 593 679 664 quorum
706 571 891 642 nonnulla
916 573 1053 664 incisa,
1083 579 1157 649 sin-

147 686 461 761 ceramlsaniem
504 675 756 790 emittebant,
791 689 958 786 reliqua,
993 692 1158 765 necdum

147 819 379 903 suppurata,
397 803 611 901 glandulosi
628 803 1079 900 corporisfirmitudiuem
1101 836 1157 882 re·

147 921 331 996 ferebant.

204 1041 257 1111 18.
278 1043 376 1110 Puer
395 1038 584 1110 annorum
604 1039 755 1110 circiter
771 1039 975 1132 tredecim,
1004 1044 1083 1115 ictu
1105 1045 1158 1117 la-

147 1158 250 1256 pidis
262 1157 483 1228 vulneratur
494 1156 534 1226 in
548 1154 701 1228 dextera
720 1158 904 1254 sincipitis
912 1175 1030 1257 parte,
1044 1159 1159 1261 supra

147 1274 364 1347 musculum
389 1272 645 1371 temporalem.
683 1273 791 1344 Cadit
820 1276 921 1348 illico
958 1302 1044 1348 cum
1075 1305 1160 1351 seu·

148 1416 263 1464 suum
291 1393 531 1462 internorum
561 1389 849 1479 obscuratione,
875 1408 912 1464 et
935 1397 1061 1466 vomit.
1086 1400 1159 1468 De·

148 1507 271 1582 fertur
287 1510 327 1578 iu
343 1507 446 1580 idem
468 1509 751 1580 nosocomium:
774 1533 899 1605 neque
920 1510 966 1582 ad
984 1511 1083 1584 diem
1101 1537 1160 1586 us·

147 1651 226 1726 que
259 1626 449 1698 decimum
482 1641 658 1723 quartum
692 1623 797 1697 febre
830 1630 1044 1726 corripitur.
1082 1637 1158 1703 Hac

148 1744 374 1831 accedente,
399 1768 466 1841 per
497 1743 636 1815 vulnus
664 1744 827 1814 multum
854 1747 993 1832 saniei,
1020 1773 1088 1846 per
1117 1774 1160 1822 os

148 1863 363 1962 purulentae
380 1862 542 1933 materiae
561 1861 816 1957 aliquantum,
834 1864 1028 1959 spuend0,
1046 1867 1157 1961 ejicit.

147 1983 261 2055 Circa
277 1978 377 2050 diem
395 1980 617 2076 vigesimum
637 1980 855 2076 supervenit
876 1979 1071 2071 delirium;
1092 1987 1161 2054 cir-

150 2123 197 2171 ca
215 2097 437 2195 vigesimum
465 2097 643 2192 quintum
674 2120 787 2167 mors.
823 2099 1006 2170 Acranio
1035 2117 1161 2172 cutem

149 2214 381 2314 separando,
403 2216 502 2286 circa
526 2215 649 2312 ipsum
680 2230 717 2285 et
742 2215 1022 2312 perierauium‚
1055 2222 1162 2316 parvi

151 2350 245 2408 sunt
261 2333 454 2406 abscessus
478 2332 760 2405 animadversi:
796 2335 862 2430 qui
891 2333 1051 2425 nullam,
1079 2361 1161 2432 quae

149 2451 224 2524 sub
242 2476 392 2524 sensum
410 2450 566 2547 quidem
581 2450 755 2538 caderet,
776 2474 862 2522 cum
884 2451 1040 2524 vulnere
1063 2478 1149 2524 com

151 2570 452 2640 municationem
471 2566 674 2639 habebant.
703 2565 779 2638 Sub
794 2567 951 2639 vulnere
976 2584 1102 2640 autem
1120 2594 1163 2642 os

83 2663 87 2680 ⁸
150 2683 340 2775 fractum,
372 2699 483 2781 atque
513 2683 761 2782 depressum,
805 2701 906 2759 arcte
950 2685 1164 2761 adhaerebat

152 2803 261 2876 durae
278 2803 466 2899 meningi,
494 2803 556 2872 cui
574 2817 610 2874 et
631 2802 835 2893 nonnullas
862 2804 918 2876 sui
936 2806 1164 2880 acuminatas

153 2921 358 3023 particulas
388 2916 580 3017 infigebat.
613 2920 806 2992 Laceratio
835 2934 962 2992 tamen
997 2923 1166 3019 ejusdem

155 3041 345 3138 meningis
367 3036 620 3110 subsensum
646 3063 726 3108 non
751 3037 945 3124 veniebat,
974 3055 1017 3110 ut
1041 3067 1166 3138 neque

154 3158 237 3231 ulla
255 3155 402 3229 cerebri
417 3155 539 3243 laesio,
564 3155 727 3226 sinnam
747 3169 811 3226 aut
828 3153 982 3226 alteram
1005 3159 1078 3228 seri
1097 3184 1167 3230 uu-

155 3277 255 3348 ciam
272 3275 451 3371 excipias,
469 3297 572 3371 quae‚
590 3271 682 3342 dum
700 3271 899 3344 cerebrum
916 3273 1166 3368 eximebatur,

156 3415 230 3490 per
240 3388 525 3462 infundibulum
543 3388 696 3488 prodiit.
711 3387 880 3460 Thorace
899 3388 1068 3479 recluso,
1086 3395 1179 3491 pul·—

156 3507 412 3582 monesvalde
429 3506 627 3595 rubentes,
648 3508 830 3604 parvique
848 3505 957 3578 iubis
974 3506 1168 3586 abscessus

157 3651 256 3726 pure
271 3625 376 3723 pleni
391 3625 531 3721 reperti
546 3639 645 3696 sunt.

216 3769 270 3840 19.
293 3743 448 3814 Juveuis
470 3741 842 3840 insincipitislatere
872 3742 1024 3814 sinistro
1045 3743 1171 3840 lapide
1225 3771 1231 3802 l

127 3863 280 3946 ictus,
313 3859 489 3932 concidit.
518 3863 652 3932 Perse
681 3873 808 3932 tamen
841 3859 882 3930 in
907 3863 1171 3934 nosocomium

158 3981 268 4061 uenit
283 3981 317 4052 S.
343 3979 469 4050 Mariae
495 3977 542 4050 de
564 3979 698 4050 Morte.
726 3977 837 4053 Nulla
869 3992 976 4050 erant
1004 3995 1173 4076 sympto-
