2828 4652
314 461 385 544 1'16
476 497 522 542 mr
549 493 695 543 srnmus
720 495 764 540 rr
789 491 913 541 causrs
938 491 1147 539 uonnonuu

311 608 353 678 in
372 632 415 680 ea
434 587 590 708 epistola
607 606 662 704 (1)
683 605 806 678 obiter
825 604 1082 678 animadverti.
1101 603 1174 677 Sed
1192 627 1317 676 meam
1405 659 1406 694 ,

310 723 413 796 illam
439 725 739 799 observationem
772 723 921 796 tertiam
949 746 1054 794 nunc
1081 722 1229 820 accipe:
1254 721 1317 792 cui
1405 803 1406 806 Ἴ

308 865 389 913 non
410 841 616 933 dissimilis,
637 842 843 941 praesertim
868 840 918 912 ob
938 842 1084 940 spinam
1103 839 1216 911 simul
1228 837 1314 910 bifi-
1405 825 1406 842 ³

308 959 393 1032 dam
403 1014 414 1048 ‚
435 953 592 1032 biennio
612 975 698 1058 post
714 955 855 1030 Halniae
871 957 1001 1030 habita
1017 973 1073 1030 est
1089 957 1108 1054 (
1133 956 1161 1053 ).

358 1075 415 1149 50.
434 1082 668 1168 Monstrum,
689 1078 740 1148 sic
758 1077 859 1149 enim
875 1075 1077 1164 vocabant,
1095 1073 1245 1164 tridu0,
1263 1055 1310 1145 an

306 1195 511 1293 quatriduo
524 1209 609 1267 ante
628 1194 691 1266 hic
709 1193 869 1281 editum,
886 1191 1010 1263 mihia
1024 1191 1204 1290 chirurgo
1218 1217 1311 1290 quo·

306 1311 394 1384 dam
418 1329 611 1387 ostensum
633 1327 707 1402 est,
728 1309 918 1382 februario
936 1335 1064 1383 mense
1096 1311 1309 1408 anni1746.

304 1428 418 1520 Quod
438 1445 480 1502 ut
497 1431 640 1529 aspexi,
661 1431 843 1501 continuo
867 1428 964 1512 dixi,
987 1426 1144 1500 cerebro
1167 1451 1309 1499 carere.
1344 1413 1349 1422 ⁵
1405 1493 1406 1530 ,

303 1550 437 1644 Itaque
451 1563 493 1619 ut
506 1547 648 1620 dictum
669 1547 836 1620 sectione
853 1544 1161 1645 comprobarem,
1182 1541 1308 1616 adme
1405 1633 1406 1640 ἵ

304 1661 463 1734 domum
480 1665 616 1754 attulit,
630 1663 709 1736 haec
724 1688 898 1752 narrans,
919 1663 1132 1751 mulierem,
1157 1660 1306 1735 felicem
1405 1671 1406 1752 ἦ

301 1779 484 1854 hactenus
506 1782 667 1854 aliorum
691 1781 909 1874 liberorum,
924 1795 1138 1880 parentem,
1157 1778 1307 1853 felicem
1405 1771 1406 1824 ³

302 1923 457 1998 quoque
467 1897 565 1971 banc
579 1899 746 1972 ultimam
757 1902 855 1972 uteri
865 1899 1109 1998 gestationem
1116 1897 1303 1972 habuisse.

301 2021 396 2088 Cum
412 2043 503 2090 vero
524 2017 571 2089 ad
586 2017 699 2114 hujus
720 2017 835 2092 finem
858 2020 937 2114 jam
953 2018 1115 2105 venisse,
1132 2031 1198 2088 aut
1216 2039 1305 2114 pro·

298 2134 386 2232 pius
405 2134 553 2224 abesse,
578 2136 826 2224 existimaret,
843 2131 987 2207 difficili
1003 2150 1137 2233 praeter
1153 2135 1306 2232 opinio·

297 2275 387 2322 nem
402 2269 515 2350 partu
530 2253 695 2351 puellam
711 2253 810 2324 hanc
824 2269 1031 2339 mortuam,
1049 2267 1085 2324 et
1102 2277 1170 2350 per
1182 2251 1300 2350 pedes

298 2366 346 2439 ab
367 2367 567 2441 obstetrice
580 2367 784 2441 detractam
804 2372 979 2460 emisisse.
999 2375 1052 2442 Re
1070 2384 1196 2441 tamen
1214 2393 1303 2441 vera
1404 2397 1405 2430 ÷

271 2569 275 2578 ⁵
297 2509 378 2556 non
399 2485 513 2582 paulo
536 2486 722 2557 minorem
752 2487 830 2558 vidi
858 2513 973 2586 quam
993 2512 1073 2561 esse
1094 2487 1302 2577 debuisset;

296 2628 422 2700 neque
462 2604 562 2675 enim
596 2606 838 2702 septimestris
877 2604 989 2678 foetus
1023 2605 1302 2705 longitudinem

295 2717 484 2817 aequabat.
520 2735 556 2792 et
573 2733 726 2818 parvam
746 2747 917 2820 quoque,
949 2737 992 2794 ut
1008 2721 1084 2794 dixi
1097 2723 1172 2820 (3),
1194 2723 1298 2794 illam

295 2861 401 2910 suam
425 2835 595 2910 Valsalva
615 2855 880 2937 conspexerat:
902 2840 1031 2938 quod,
1062 2842 1092 2912 si
1118 2855 1232 2940 caput
1250 2840 1298 2912 ab

293 2953 438 3027 inclusa
463 2980 559 3053 aqua
587 2972 695 3028 antea
719 2957 923 3031 distentum
950 2956 1298 3058 amplificatumque

293 3073 571 3171 concipiamus,
590 3098 670 3144 non
699 3071 871 3164 difficile,
892 3077 988 3148 sicut
1008 3075 1096 3147 alias
1115 3075 1169 3173 (Δ)
1187 3077 1235 3148 ad
1259 3093 1296 3150 te

294 3191 446 3289 scripsi,
472 3190 630 3289 intelligi
645 3207 779 3291 potest.
818 3199 1000 3266 Caeterum
1018 3196 1159 3294 optime
1177 3197 1299 3268 nutri-
1402 3211 1403 3240 l

291 3321 393 3396 tum,
418 3307 515 3378 nihil
542 3309 638 3381 male
666 3311 792 3400 olens,
825 3325 861 3382 et
880 3311 1042 3384 necdum
1068 3310 1296 3386 abscedente

290 3425 479 3514 cuticula,
509 3425 714 3522 pulchrum
743 3427 817 3500 hoc
847 3426 976 3503 fuisset
1006 3429 1295 3530 corpusculum3

322 3861 338 4003 ζ
392 3823 462 3880 Vid.
474 3824 548 3882 nob.
561 3827 663 3903 steph.
673 3829 796 3890 Henrici
809 3833 949 3910 descript.
963 3834 1075 3892 omenti
1084 3845 1148 3896 not.
1164 3835 1228 3906 ads
1246 3853 1294 3892 ιι.
1400 3915 1401 3920 ¹

339 3924 355 3979 3
390 3923 428 3978 N.
452 3923 497 3988 48.
1400 3935 1401 3954 ¹

389 4021 484 4098 Epist.
505 3986 553 4097 1¹2,
567 4043 597 4081 u.
612 4046 639 4098 7.
