3000 4658
292 433 364 522 sos
458 457 504 502 nr
530 455 679 503 sturnus
704 455 747 501 rr
772 451 897 502 osusrs
920 450 1132 531 nonnosum

289 571 362 642 illis
381 568 588 646 videndum
607 582 680 655 est,
701 591 749 638 ne
768 565 836 638 ubi
854 565 939 638 duae
962 566 1152 638 naturales
1177 589 1298 639 careae

288 689 393 760 tenui
409 689 616 784 intersepto
630 684 921 782 disjunguntur,
933 683 1126 782 specillum
1138 681 1243 780 quod
1252 683 1295 753 in

290 805 444 877 alteram
461 803 656 902 pervenit,
684 803 839 874 alteram
864 801 1040 891 subiisse,
1055 823 1300 899 praepropere

291 923 561 1009 existimemus3
578 921 628 992 ita
638 921 677 990 in
692 919 750 990 his
764 933 913 1016 praestat
926 919 1072 1016 scalpro
1086 918 1300 1015 malleoque

291 1038 553 1126 abstinerem
567 1039 596 1109 si
610 1061 685 1133 qua
703 1031 798 1106 forte
816 1037 911 1106 rima
929 1059 967 1107 se
974 1034 1126 1133 prodat,
1137 1032 1212 1106 ulla
1223 1057 1303 1106 esse

292 1157 410 1253 possit
431 1154 631 1241 dubitatio,
667 1167 803 1224 nostrae
834 1152 1040 1239 violentiae,
1070 1177 1117 1222 an
1144 1167 1300 1250 accepto

291 1273 384 1344 ictui
411 1270 614 1357 debeatur3
640 1277 693 1341 ut‘
715 1269 821 1340 nulla
855 1283 954 1340 certe
987 1267 1203 1342 alterutrius
1236 1295 1299 1368 ge.-

293 1391 394 1460 neris
409 1390 450 1458 in
471 1413 517 1460 eo
530 1386 600 1459 fuit
620 1413 734 1484 quem
752 1389 880 1485 paucis
899 1403 985 1485 post
1003 1385 1136 1460 diebus
1155 1385 1298 1460 ibidem

294 1507 477 1605 persecui.
620 1513 642 1607 J

342 1625 375 1696 8.
397 1627 517 1694 Senex
544 1637 623 1694 erat
653 1647 791 1720 magno
824 1647 1003 1719 corpore,
1031 1621 1127 1694 flavo
1154 1622 1302 1711 colore,

290 1743 357 1840 qui
376 1741 464 1828 alias
484 1765 554 1838 pro
577 1739 797 1812 asthmatico
827 1754 978 1812 curatus
995 1737 1126 1812 fuerat.
1153 1745 1191 1812 Is
1207 1765 1295 1812 cum

293 1859 341 1931 ab
356 1858 431 1930 alto
446 1858 583 1930 cadens
600 1857 774 1929 allisisset
794 1857 840 1928 ad
867 1881 995 1928 saxum
1023 1859 1188 1956 sinciput
1211 1858 1301 1930 dex·

292 1990 417 2058 terum
426 1977 612 2062 ,vulneris
626 1974 729 2072 quod
746 1974 834 2046 inde
847 1975 1040 2064 retulerat,
1049 1976 1301 2050 curatiobene

295 2093 502 2194 procedere
513 2091 828 2180 videbatur,‘cujm
843 2094 941 2164 oirea
949 2093 1190 2164 undecimum
1199 2095 1299 2166 diem

294 2215 449 2286 sesessit
465 2209 634 2309 spirandi
653 2205 850 2284 difficultas
869 2233 955 2280 curn
978 2225 1146 2282 stertore.
1168 2213 1301 2286 Nullus

295 2333 336 2402 in
355 2329 508 2402 thorace
536 2327 656 2398 dolor.
687 2323 923 2417 Querebatur
939 2329 1065 2426 potius
1084 2330 1229 2401 assidue
1251 2331 1300 2404 de

295 2447 455 2520 molesto
474 2445 639 2542 quodam
666 2469 778 2518 sensu
806 2444 904 2516 infra
922 2447 1046 2544 ipsum
1072 2447 1298 2546 bypocbon-

295 2567 419 2639 driuru
437 2564 643 2636 dexterum.
654 2565 776 2652 Quem
794 2563 840 2634 ad
858 2564 984 2635 locum
998 2564 1148 2636 admota
1163 2591 1296 2657 manu,

293 2679 594 2784 percipiebamus
607 2682 713 2779 quasi
732 2680 915 2751 bullulam
924 2705 969 2752 ex
978 2681 1055 2762 istis
1067 2708 1160 2780 quas
1172 2685 1299 2783 pluvia

294 2803 334 2872 in
356 2798 554 2898 superficie
569 2823 673 2898 aquae
692 2799 846 2887 excitat,
865 2821 951 2896 quae
966 2799 1108 2872 alterne
1133 2827 1171 2874 se
1190 2804 1297 2875 attol-

293 2917 406 3005 leret,
441 2940 484 2988 ac
518 2917 641 3002 statim
674 2913 905 3005 subsideret,
943 2941 1121 3014 moxque,
1140 2919 1298 3009 rediret,

292 3034 511 3133 abiretque,
528 3033 662 3114 eodem
689 3056 839 3132 semper
856 3033 942 3105 loc‘o
963 3051 1118 3107 servato.
1152 3041 1299 3111 interea

293 3167 407 3251 caput
419 3151 517 3224 bene
537 3151 661 3222 valere
678 3148 896 3222 videbatur:
916 3152 981 3224 sed
998 3152 1115 3224 borno
1128 3152 1295 3228 dormire

291 3295 371 3342 non
390 3281 558 3370 poterat,
586 3281 622 3339 et
643 3267 850 3342 convulsivi
874 3268 921 3340 ad
945 3265 1079 3368 carpos
1101 3271 1294 3345 subsultns

262 3389 263 3392 ’
289 3387 442 3485 pulsum
454 3385 744 3482 explorantibus
760 3385 1020 3458 occurrebant.
1033 3390 1124 3478 Qui,
1143 3404 1183 3460 ut
1201 3413 1297 3460 sem·

207 3551 209 3560 ι
290 3527 381 3603 per,
407 3501 603 3600 frequens,
627 3529 732 3576 nunc
758 3525 848 3576 vero
880 3503 991 3576 etiam
1020 3529 1158 3603 parvus
1178 3505 1298 3580 factus

290 3637 379 3694 erat.
390 3626 519 3718 Itaque
532 3623 630 3693 iutra
643 3645 760 3691 unum
780 3635 816 3692 et
830 3620 989 3692 alterurn
1003 3622 1103 3694 diem
1114 3678 1124 3713 ,
1135 3623 1185 3695 ab
1197 3621 1296 3695 diffi-

290 3739 369 3816 cilis
383 3739 639 3837 respirationis
652 3737 816 3808 adventu
831 3763 933 3812 mors
947 3741 1110 3812 accessit.
1131 3741 1297 3814 Cadave-

287 3859 432 3938 riserat
450 3855 653 3932 distentum
671 3853 871 3928 abdomen.
890 3857 1002 3948 Quod
1023 3883 1108 3929 cum
1128 3859 1298 3936 diduxis„

145 4001 147 4008 ¹
244 4032 251 4042 .
287 3999 383 4065 seru,
396 3973 651 4064 ventriculus,
678 3987 718 4048 et
731 3974 908 4054 intestina
922 3999 1008 4052 aere
1028 3977 1180 4087 turgida
1199 4003 1237 4062 se
1259 4003 1299 4054 se
