2784 5088
307 441 378 534 tan
479 463 523 510 nc
549 459 696 510 sentens
721 459 766 506 en
791 455 916 506 cunsts
941 459 1154 508 nonaonnu

305 601 448 652 annum
473 599 494 646 a
518 597 606 646 casu
624 586 781 645 ventum
799 585 855 643 est
872 585 1032 644 sextum.
1059 575 1147 665 Quo
1167 576 1314 676 elapso,

305 719 393 768 ecce
412 694 460 766 de
478 691 686 791 improviso
699 689 898 788 apoplexia
918 690 1083 789 ingruit,
1096 715 1314 794 paucasque

304 815 404 886 iutra
416 811 530 882 horas
543 809 738 880 mulierem
759 807 913 906 perimit
931 807 1172 882 Vindobona·
1188 865 1200 899 ‚
1217 835 1314 884 anno

307 925 410 1029 1735.
428 931 591 1000 Tumore
604 940 757 1024 aperto,
778 925 860 1021 ejus
879 949 1011 997 cavum
1033 930 1222 1025 sanguiue
1243 929 1315 1028 ple·

303 1071 398 1120 num
417 1047 614 1118 inventum
635 1058 690 1116 est
713 1065 811 1140 pena
828 1057 930 1131 atro,
955 1067 1027 1114 nec
1053 1061 1244 1118 concreto
1261 1069 1314 1119 so·

300 1165 404 1252 lum,
430 1161 496 1236 sed
516 1178 592 1234 tam
607 1159 748 1247 denso,
767 1175 809 1231 ut
826 1176 999 1258 arreptus
1017 1159 1147 1260 digitis
1165 1180 1315 1238 secutus

301 1285 349 1358 sit
360 1283 577 1367 universus,
593 1295 685 1351 tunc
697 1277 852 1349 demum
867 1280 1046 1376 portione
1063 1279 1195 1378 aliqua
1214 1279 1315 1354 fluidi

301 1401 495 1498 sanguinis
515 1410 686 1469 exeunte.
708 1394 752 1468 Id
771 1397 923 1484 vitium,
947 1396 1153 1470 dectractis
1168 1402 1316 1500 integu-

300 1517 453 1604 mentis,
474 1515 640 1613 incipere
653 1528 892 1612 compertum
908 1529 963 1586 est
979 1537 1001 1586 a
1020 1539 1207 1613 percussa
1230 1519 1316 1592 olim

298 1648 427 1736 parte,
445 1631 550 1704 idest
569 1633 765 1729 superiore
783 1631 876 1704 ossis
888 1632 1060 1731 occipitis
1076 1633 1125 1704 ad
1147 1635 1254 1710 latus
1273 1639 1315 1710 si·

298 1753 482 1842 nistrum;
493 1773 652 1850 pergere
670 1763 796 1821 autem
806 1773 875 1847 per
891 1773 933 1822 os
944 1749 1131 1848 sincipitis
1145 1755 1316 1850 ejusdem

297 1871 424 1945 lateris
436 1891 556 1967 usque
569 1890 635 1956 eo,
652 1865 851 1954 attribue,
869 1865 973 1938 haud
983 1867 1172 1967 emplius,
1187 1885 1312 1947 trans·

296 1986 582 2084 versisdigitisa
603 1984 773 2056 coronali
791 1999 922 2057 sutura
947 1983 1114 2058 distaret
1145 1992 1315 2092 Occupa-

296 2105 363 2180 bat
383 2107 540 2203 insuper
569 2101 714 2174 dexteri
740 2105 834 2174 ossis
865 2103 1051 2202 sincipitis
1076 2121 1251 2203 partem,
1275 2127 1315 2184 ut

297 2225 421 2297 omnis
438 2221 556 2294 caries
572 2245 636 2292 sex
648 2219 785 2319 digitos
804 2221 842 2290 in
861 2219 994 2310 latum,
1005 2236 1153 2320 septem
1166 2279 1177 2314 ,
1190 2249 1312 2327 eoque

296 2341 458 2440 amplius
476 2340 515 2409 in
533 2337 691 2436 longum
706 2352 873 2435 pateret„
894 2341 978 2430 Qua
998 2363 1082 2411 ossa
1099 2365 1185 2413 non
1207 2361 1314 2418 erant

295 2459 453 2532 omnino
470 2455 857 2556 pertusa‚retieularis
867 2479 973 2529 ossea
982 2459 1197 2556 apparebat
1207 2463 1313 2537 subs·

292 2577 424 2663 tantia,
443 2599 463 2645 e
489 2573 599 2670 cujus
616 2573 800 2644 exteriore
817 2571 917 2666 facie⁴
927 2574 1156 2649 attollebant
1172 2601 1214 2652 se
1231 2605 1311 2680 pas·

292 2695 363 2768 sim
399 2689 554 2764 lamellae
586 2714 722 2779 osseae,
759 2688 946 2790 pleraeque
979 2707 1021 2763 ut
1057 2699 1310 2772 crassinscula

292 2809 423 2884 charta
441 2823 594 2897 tenues,
609 2807 675 2880 sed
688 2805 896 2880 durissimae
911 2831 1060 2900 omnes,
1084 2827 1122 2884 et
1137 2819 1310 2890 acutissi-

291 2953 361 3000 mae
376 2953 385 2997 τ
403 2923 669 3028 quaefoliaceos
689 2926 796 3022 quasi
806 2923 944 3025 fungos
955 2922 1068 3014 ‚alios
1078 2927 1151 3001 alia
1172 2934 1309 3032 ampli·

290 3044 443 3134 tudine,
455 3067 524 3142 per
542 3042 816 3140 vegetationem
829 3043 1031 3141 quamdam
1051 3069 1204 3118 osseam
1220 3073 1309 3121 ena·

290 3178 369 3246 tos,
395 3187 473 3234 nou
493 3159 696 3258 ineleganti
728 3161 943 3258 spectaculo
970 3160 1169 3236 referrent·
1202 3169 1307 3238 Dura

290 3279 447 3350 meninx
465 3275 562 3350 facta
582 3293 663 3349 erat
676 3277 904 3350 crassissima
923 3293 1004 3351 toto
1018 3303 1064 3350 eo
1086 3283 1211 3379 spatio
1227 3307 1306 3382 quo

290 3395 421 3468 vitiato
449 3393 578 3468 crunio
600 3395 890 3492 subjiciebatur,
918 3395 1033 3494 hujus
1054 3413 1184 3471 autem
1207 3405 1304 3499 parti
1388 3415 1389 3424 ’

290 3537 375 3612 qute
392 3515 466 3584 icta
487 3513 576 3584 olim
599 3511 737 3600 fuerat,
765 3513 887 3586 multo
903 3515 1044 3588 arctius
1073 3515 1300 3592 adhaerebat

287 3634 358 3703 Per
371 3631 541 3704 eamdem
559 3631 778 3728 meningem
787 3631 958 3729 repentia
971 3655 1059 3706 vasa
1074 3657 1163 3704 cum
1173 3660 1196 3706 a
1213 3636 1299 3709 dex·
1388 3691 1389 3726 2

286 3750 355 3822 tris
370 3749 580 3822 naturalem
590 3763 784 3823 servarent
798 3748 1000 3838 modum‚a
1017 3751 1181 3825 sinistris
1192 3753 1298 3826 valde

285 3873 393 3939 'erant
409 3865 557 3965 turgida
567 3921 577 3955 ‚
587 3878 625 3938 et
636 3863 802 3948 dilatata,
816 3889 1027 3965 eorumque
1037 3868 1078 3939 in
1089 3891 1201 3961 sana,
1216 3895 1297 3970 que

285 3983 421 4057 eodem
434 3985 474 4054 iu
488 3983 605 4056 latere
619 3995 814 4082 supererat
830 4036 842 4073 ‚
871 3983 1039 4058 calvariae
1062 4002 1172 4086 parte
1187 3988 1293 4061 vesti·

422 4637 1388 4802 Σ
