2784 5088
298 457 301 466 .
331 419 458 464 mciv.
478 419 524 464 nr
537 417 883 481 monumemtum„
901 409 970 466 etc.
989 419 1102 468 nmsr.
1122 403 1187 468 rm.¹
1214 398 1250 486 [tl

279 556 394 602 nemo
433 532 572 628 possit,
604 531 793 622 cerebello
822 530 962 603 inflicta
987 534 1143 622 vulnera
1174 537 1247 612 vita

173 667 176 670 ·
278 649 506 746 plerumque
533 665 597 720 aut
628 649 748 737 illico,
783 664 944 720 autnon
965 651 1085 722 multo
1112 668 1250 748 posta(

278 790 384 837 mere
405 768 653 838 consuevisse.
677 772 719 836 At
737 766 984 851 enimeadem
1000 768 1187 840 celeritate
1209 796 1250 840 n<

278 908 428 981 semper
445 883 626 954 adimunt.
639 887 781 979 Nempe
800 881 917 956 fassus
936 909 1029 956 sum.
1051 886 1122 956 Sed
1138 889 1250 983 quoti·

277 1000 448 1096 tandem,
477 1017 512 1071 et
537 1025 650 1098 quam
678 999 782 1071 tarde
811 1001 885 1072 hoc
918 1002 1116 1092 acciderit,
1145 1030 1248 1100 quaer

277 1120 499 1190 Franciscus
514 1119 700 1189 Antonius
716 1122 1065 1207 Cattos,anatomes
1078 1122 1179 1218 apud
1192 1127 1246 1194 Ne

274 1235 466 1333 politanas
491 1233 698 1332 professor,
719 1236 760 1304 in
783 1237 1000 1334 opusculo(
1028 1235 1042 1330 l
1062 1237 1202 1308 ibidem
1228 1265 1248 1309 r

274 1377 380 1442 cuso,
397 1379 498 1425 anno
517 1351 621 1451 1557,
639 1355 893 1450 experimento
902 1355 1024 1445 focile
1038 1358 1250 1454 comprobai

269 1496 313 1542 se
327 1495 438 1568 posse
457 1471 496 1542 id
522 1472 669 1568 scripsit
690 1470 796 1568 quod
816 1472 896 1542 sine
927 1471 1101 1542 cerebelli
1127 1474 1250 1543 vulne]

270 1614 354 1659 non
374 1589 523 1660 videtur
543 1589 766 1686 praestitisse.
798 1589 968 1686 Reliquae
993 1592 1134 1660 cerebri
1146 1606 1250 1686 ,part

271 1730 422 1794 omnes,
439 1707 582 1804 inquit,
598 1705 681 1775 licet
695 1705 958 1794 vulnerentur,
972 1689 1049 1776 nori
1070 1722 1192 1776 tamen
1208 1723 1250 1778 sti

272 1829 342 1894 tim
365 1847 464 1896 mors
482 1831 668 1922 requiram
687 1833 730 1894 at
753 1822 953 1896 vulnerato
967 1829 1175 1920 posteriori
1191 1851 1250 1896 vei

271 1941 427 2029 triento,
455 1914 646 2040 eittemplo
668 1940 816 2012 animal
836 1940 1046 2024 concidere,
1067 1966 1113 2011 ac
1134 1947 1250 2010 interii

272 2067 534 2158 conspicimus.⁴
546 2060 659 2152 Quod
687 2061 716 2132 si
736 2075 870 2158 praeter
899 2058 1146 2146 cerebellum,
1178 2084 1250 2155 qno

271 2181 422 2249 tametsi
439 2202 518 2247 non
536 2177 724 2273 undique,
747 2191 790 2247 ut
812 2174 1010 2246 cerebrum
1035 2163 1147 2260 snos,
1171 2200 1250 2271 qua:

177 2306 178 2310 ’
263 2311 357 2367 tum
376 2295 479 2372 bunc
492 2295 746 2368 ventriculum
769 2309 949 2390 tanquam
977 2293 1034 2363 sui
1060 2293 1250 2390 proprium

272 2411 584 2510 comprehendit,
598 2413 721 2510 ipsum
738 2427 863 2482 tanren
882 2409 1069 2508 complet,
1092 2411 1250 2512 proxim<

270 2555 347 2628 que
365 2531 508 2627 operit3
536 2528 719 2627 suspicari
740 2526 873 2612 velles,
897 2526 1104 2622 subjectam
1126 2551 1250 2622 quoquc

271 2647 516 2745 oblongatam
544 2646 752 2720 medullam
785 2645 1097 2731 convulnerasse3
1135 2669 1249 2741 exper

271 2779 400 2836 menta
415 2765 469 2859 (α)
487 2790 566 2834 non
592 2765 765 2835 deessent
791 2761 998 2858 exquibus
1030 2761 1250 2858 intelligeres

272 2907 354 2954 non
385 2861 543 2980 propter
578 2879 677 2950 hanc
723 2879 1100 2950 convulnerationem
1130 2880 1247 2974 potiss

270 3016 403 3086 mum‚
424 3001 586 3070 mortem
608 2995 771 3067 subitam
796 2993 903 3090 sequi
926 2994 1109 3065 debuisse.
1139 3001 1250 3092 Optat

273 3117 366 3188 dum
386 3131 498 3202 esset,
526 3130 568 3185 ut
586 3113 757 3185 Coiterus
778 3114 818 3180 in
836 3113 880 3182 iis
903 3111 1122 3180 artatomicis
1151 3109 1250 3178 obse]

273 3232 500 3320 rationibus
522 3227 809 3328 quassexdecim
825 3208 909 3326 post
922 3232 1067 3298 Cattum
1088 3226 1250 3296 annisvu

259 3353 393 3450 gavit,
414 3350 593 3446 attigisset
607 3345 749 3445 aliquid
770 3345 815 3417 ad
841 3345 1070 3416 cerebellum
1093 3358 1250 3440 spectari

275 3467 431 3566 quando
451 3482 487 3538 et
504 3464 714 3563 ipse,quod
729 3463 776 3534 ad
796 3463 994 3534 cerebrum
1011 3463 1143 3533 attinet
1165 3487 1250 3558 agn<

317 3767 361 3846 (ι)
383 3769 496 3842 Isagog.
511 3776 590 3820 anat.
603 3785 626 3820 c.
644 3763 697 3833 25,
714 3764 812 3820 infin.

319 3865 362 3944 (a)
383 3867 452 3922 Vld.
468 3866 549 3941 apud
560 3864 720 3933 Teubeler,
736 3865 852 3921 dissert.
868 3865 905 3920 de
921 3862 1068 3918 vulnerib.
1091 3861 1205 3918 cerebri
1221 3879 1250 3916 n<

277 3985 395 4042 semper
406 3966 557 4038 lethalib.²
573 3968 587 4034 5
603 3963 637 4029 43
652 3972 753 4038 etseq.
