2812 4656
303 453 374 504 {12
467 453 515 504 D!
539 449 686 502 sumnus
710 449 755 498 ET
780 449 905 500 caums
930 449 1141 526 nonnosum

297 565 458 639 tomicos
487 563 535 638 ab
555 565 710 638 illomm
735 562 1027 636 dissentionibus
1054 565 1160 647 inani
1181 561 1306 663 potius

297 695 422 770 metu,
452 674 568 781 quam
594 677 806 762 rationibus
831 677 944 753 fuisse
967 679 1204 769 absterritos3
1239 679 1306 752 has

294 797 427 898 legesis
437 797 549 872 simul
568 823 656 872 cum
677 799 876 871 contrariis
891 821 1099 897 perpensas,
1108 799 1213 897 apud
1231 821 1305 870 eos

294 914 381 988 dem
402 915 760 1014 Bartholinum(1),
785 931 822 988 et
840 899 1254 1003 Diemerbroeckium(
1279 915 1301 1012 ).

291 1038 339 1106 At
354 1035 384 1106 si
405 1035 480 1108 illis
492 1035 687 1134 perlectis,
701 1032 850 1105 nullum
860 1049 1075 1106 tamenesse
1087 1033 1300 1132 periculum

292 1150 399 1250 quod
415 1167 648 1240 metuamus,
659 1150 868 1240 arbitraris;
888 1151 1016 1250 accipe
1035 1150 1129 1250 quid
1144 1151 1186 1221 in
1200 1151 1302 1224 thea-

289 1280 352 1339 tro
371 1267 447 1342 ho'c
469 1283 603 1341 nostro
628 1269 808 1342 acciderit
839 1275 1004 1368 corpora
1025 1291 1158 1342 eorum
1185 1267 1301 1342 disse·

291 1384 466 1458 cantibus
482 1410 581 1484 quos
597 1387 762 1486 maligna
780 1385 979 1476 duntaxat,
999 1408 1079 1457 non
1102 1383 1299 1485 pestilera,

174 1549 176 1556 ,
289 1499 480 1574 occiderat
493 1499 618 1576 febris.
636 1502 922 1602 Ex'peticulari‚
942 1517 1230 1604 quamsrocann
1250 1500 1298 1576 fe·

284 1611 349 1690 bri
363 1635 555 1692 mortuum
567 1635 786 1720 prosector,
801 1621 952 1718 juvenis
968 1617 1098 1694 valens
1108 1643 1152 1692 ac
1166 1619 1296 1692 robus·

286 1747 348 1808 tus
374 1739 665 1836 Stegagnonius,
690 1736 872 1810 hactenus
898 1736 1104 1826 inciderat,
1122 1752 1166 1810 ut
1196 1737 1295 1811 solos

287 1839 392 1926 dorsi
424 1849 638 1944 musculos,
666 1853 1001 1928 Diemerbroeclrio
1023 1851 1180 1928 fortasse
1214 1880 1294 1927 cre·

286 1965 382 2043 dens
398 1971 437 2042 id
448 1971 555 2071 parvi
569 1969 739 2060 facienti,
758 1987 975 2072 appararet,
991 1995 1079 2044 cum
1092 1971 1225 2044 eadem
1246 1971 1294 2044 fe·

284 2085 346 2162 bri
365 2103 580 2188 correptus,
606 2114 626 2160 e
646 2091 738 2162 vivis
759 2105 912 2189 ereptus
938 2103 1002 2162 est.
1035 2095 1082 2161 At
1101 2088 1214 2162 fuerit
1233 2114 1291 2162 ca-

284 2201 401 2280 daver
417 2208 513 2278 illud
531 2233 611 2278 non
639 2209 798 2278 omnino
817 2205 941 2280 adhuc
969 2203 1172 2306 frigidum,
1192 2223 1290 2280 certe

282 2339 363 2396 erat
387 2325 490 2397 intus
510 2339 690 2422 extraque
713 2326 791 2422 jam
818 2323 997 2424 frigidum
1024 2324 1183 2397 cadaver
1210 2329 1289 2398 ani-

282 2440 394 2530 culae,
422 2430 531 2537 cujus
549 2442 681 2518 venter
701 2466 822 2514 cuma
846 2443 890 2514 cl.
913 2443 1054 2542 Vulpio
1071 2443 1173 2515 anno
1198 2437 1285 2543 17‘17

275 2557 452 2655 januario
470 2562 1059 2660 menseaperiretur‚ipseautem
1078 2559 1284 2651 adstarem,

276 2687 323 2747 ut
334 2674 571 2776 singulorum
599 2676 786 2750 viscerum
813 2661 941 2751 sedern
970 2679 1209 2753 auditoribus
1227 2705 1283 2752 os-

274 2791 493 2906 tenderem,
519 2795 588 2867 etsi
609 2795 738 2869 nullus
766 2796 863 2869 odor
883 2797 1033 2895 gravior
1058 2797 1170 2871 solito
1191 2801 1283 2872 exis·

262 2907 398 3001 teba,
413 2937 483 2984 nec
501 2912 644 3002 ullum,
662 2929 798 3012 praeter
818 2915 1087 2988 intestinorum
1117 2917 1282 3016 implica·

273 3021 438 3116 tionem,
457 3029 591 3102 vitium
617 3031 839 3130 apparebat,
866 3031 1050 3106 continuo
1079 3049 1207 3108 tamen
1224 3035 1280 3106 in·

273 3147 426 3220 solitum
442 3149 646 3246 quemdam
660 3151 881 3250 languorem
895 3153 1011 3241 sensi,
1030 3178 1110 3226 non
1121 3176 1227 3226 secus
1238 3175 1280 3224 ac

272 3253 304 3336 si
332 3265 449 3336 animi
471 3266 628 3338 instaret
652 3266 884 3366 deliquium:
903 3293 993 3340 mox
1010 3285 1137 3343 autern
1156 3283 1278 3343 osten-

269 3377 377 3454 sione
396 3381 459 3453 illa
472 3382 645 3455 absoluta
659 3438 668 3473 ‚
684 3409 771 3456 cum
783 3387 846 3456 vix
862 3385 1020 3458 domum
1037 3403 1198 3486 uterque
1217 3412 1276 3458 re-

268 3489 1276 3602 diissemus,pariterfebrilihomoreetfrigoreetdein
1311 3493 1314 3504 ’

268 3614 394 3689 calore
411 3614 459 3686 ad
478 3618 655 3690 eumdem
673 3619 850 3710 modum,
874 3620 1088 3719 eodemque
1106 3636 1274 3720 tempore

262 3795 1268 3824 man—am

302 3899 349 3979 (ι)
368 3891 408 3958 N.
431 3901 512 3989 boit.

303 4000 348 4080 (a)
368 3999 483 4058 Adnot.
505 4017 540 4058 ra
554 3997 606 4058 cit.
