2812 4656
134 453 198 499 m.
219 453 265 498 ιν.
288 453 334 498 uu
354 451 705 514 nonusnullum„
726 441 794 498 atu.
816 449 928 500 uuus-u
950 453 982 498 u.
1013 425 1082 502 265

134 567 188 648 30.
209 565 265 638 Ad
291 565 377 637 colli
400 581 560 638 strumas
584 566 743 638 omuino
764 591 844 639 esse
868 565 1086 640 r‘eferen'dos

89 683 441 782 tumoresglandulae
451 663 698 781 Thyroidaeae'‚
717 699 753 755 et
761 708 961 781 perperam
974 684 1086 757 bron·
1183 744 1186 750 .
1309 717 1312 723 s

89 802 253 874 chocelas
268 804 409 891 vocari,
435 797 597 874 affirmat
614 807 779 874 loannes
798 802 1100 900 Freindius(1)‚y

90 921 151 1018 qui
166 919 299 992 harum
317 919 428 1018 plura
456 943 610 1018 genem,
638 919 704 994 sed
727 920 854 990 omnia
878 935 981 992 extra
1005 932 1113 994 eam'

89 1037 293 1136 glandulam
305 1093 315 1127 ‚
328 1038 517 1134 agnoscit,
541 1039 581 1108 in
599 1020 722 1136 usque
740 1037 896 1135 aliquod
915 1064 1090 1138 aneurys·

89 1156 171 1229 mati
195 1154 336 1242 simile,
361 1155 423 1226 cui
452 1168 654 1252 propterea
681 1154 902 1254 scalpellum
932 1159 1089 1229 non·sit
1205 1237 1208 1242 ,

88 1271 347 1352 adhibendum.
379 1279 544 1344 loannes
576 1288 700 1350 autem
726 1273 907 1352 Riolanus
923 1275 983 1372 (a)
1002 1291 1088 1346 ante

90 1389 427 1462 Schelhammerum
446 1389 520 1488 (3),
541 1391 608 1488 qui
622 1415 662 1463 se
669 1396 840 1490 primum
853 1393 1091 1466 animadver·

88 1507 165 1579 tisse
191 1507 287 1580 hou
304 1507 498 1597 credebat,
527 1510 626 1580 inter
657 1507 954 1600 bronchocelas,
994 1535 1088 1609 quas
1159 1501 1163 1510 ¹

89 1613 188 1722 louge
205 1651 230 1695 a
250 1623 568 1700 strumis.differre
592 1643 734 1716 censet,
751 1627 968 1726 glandulam
982 1631 1090 1727 ponit

88 1739 327 1839 thyroidaeam
350 1743 632 1842 productiorem
652 1769 929 1842 quoe.sarcoma
938 1747 1089 1844 produ-

90 1863 148 1947 cic,
162 1885 287 1959 neque
306 1864 479 1934 intereas
500 1863 616 1934 ullam
635 1879 821 1936 memorat
831 1919 845 1953 ,x
863 1888 944 1962 quae
958 1865 1088 1937 similis

90 1977 131 2049 sit
145 1981 426 2078 aueurysmatis.
453 1985 550 2052 Cave
574 1981 676 2053 enim
698 1979 844 2070 credas,
867 1981 972 2079 quod
998 1982 1088 2054 huic

89 2096 228 2170 Riolaui
259 2099 346 2170 loco
372 2098 588 2196 exemplum
617 2101 800 2170 contiuuo
815 2099 1026 2196 -subjiuitur
1046 2103 1087 2174 iu

88 2215 326 2311 Sepulchreto
340 2215 395 2312 (4)
405 2215 593 2312 ejusmodi
599 2215 874 2290 bronchoceles
882 2242 965 2314 quae
974 2241 1089 2290 aneu·

87 2337 251 2427 rysmatis
269 2335 454 2408 simillima
466 2337 557 2424 ,nisi
569 2337 695 2434 potius
710 2359 842 2408 verum
854 2359 1088 2435 aneurysma,

88 2446 170 2538 fuit,
188 2452 234 2524 ad
256 2453 440 2542 eumdem,
467 2469 510 2524 ut
523 2452 576 2525 ibi
592 2454 750 2542 dicitur,
762 2453 808 2529 jd
828 2454 946 2526 estad
964 2455 1088 2525 Riola-

90 2593 197 2660 num‚
215 2587 282 2642 aut
296 2569 393 2643 forte
410 2570 456 2642 ad
474 2575 653 2658 Paruum,
671 2597 836 2670 quorum
856 2597 993 2671 nempe
1010 2599 1091 2646 ver·-

88 2684 130 2757 ba
155 2703 190 2760 et
218 2688 501 2762 observationes
534 2690 730 2788 productae
765 2689 881 2761 modo
920 2688 1088 2781 fuerant,

90 2804 249 2877 attinere.
279 2806 391 2898 Quod
405 2807 436 2877 si
454 2832 619 2903 quaeras,
640 2807 818 2904 adquam
839 2809 954 2906 igitur
979 2809 1089 2899 illud,
1117 2863 1119 2868 .

91 2935 123 2991 et
145 2947 225 3020 quae
253 2924 330 2994 duo
366 2925 538 3022 proxime
568 2940 780 3022 sequuntur
809 2925 887 3022 (5),
920 2927 1090 3025 exempla

89 3041 282 3131 attineant3
299 3042 518 3113 Severinum
537 3042 602 3138 (6)
616 3041 717 3140 lege,
737 3068 782 3114 ex
799 3068 921 3141 eoque
936 3045 1005 3114 tria
1019 3045 1089 3116 ista
1126 3023 1141 3046 λ

91 3160 268 3257 exempla,
294 3160 465 3256 quamvis
494 3161 752 3258 negligenter,
780 3161 967 3259 descripta
989 3185 1088 3250 esse,

140 3501 166 3577 1)
186 3503 262 3559 Hist.
281 3503 387 3560 medic.
400 3505 453 3562 uhi
466 3505 502 3572 de
514 3505 666 3564 Albucasi.

137 3598 165 3678 a)
186 3603 324 3660 Encheir.
340 3616 419 3660 auat.
435 3607 456 3660 l.
470 3613 503 3676 4,
519 3625 545 3663 c.
559 3627 587 3678 7.

137 3701 166 3778 3)

183 3705 219 3779 L.
234 3705 283 3760 cit.
298 3705 328 3762 S.
342 3716 372 3760 et
382 3708 414 3760 P.
426 3705 490 3762 ead.
501 3725 531 3762 n.
543 3707 592 3780 83.

138 3800 166 3876 ί.)
186 3803 265 3858 Sect.
278 3800 334 3860 hac
350 3823 382 3875 a,
398 3805 462 3861 obs.
480 3803 511 3878 5,
528 3811 543 3876 ς
559 3823 587 3862 a.

138 3895 165 3976 5)
223 3903 281 3958 let
297 3909 324 3968 4.

137 3996 165 4077 6)
186 4002 231 4058 De
244 4004 364 4064 recond.
378 4005 506 4063 abacus.
520 4015 583 4070 nat.
598 4005 618 4068 l.
634 4009 667 4077 l,
680 4023 706 4062 c.
723 4001 741 4060 6
753 4014 784 4062 et
796 4021 825 4075 7.

125 3498 136 3576 l

126 3597 135 3678 (

125 3698 135 3780 l

125 3798 135 3878 l

126 3896 135 3976 l

125 3997 136 4078 l

665 4258 691 4303 N
