2784 5088
142 451 208 496 Lm.
224 448 272 494 11.
292 447 340 494 us
352 443 488 492 atomus
501 442 696 503 cumane„
709 410 781 490 etc.
795 442 907 490 amsa.
923 444 1002 490 1111.
1032 417 1101 492 515

97 561 207 648 satis,
235 561 413 655 inquam,
444 555 643 652 perspicis,
668 571 810 650 quanto
840 552 1033 629 difficilius
1059 559 1106 628 sit

96 701 246 750 ramum
262 677 426 772 aliquem
444 674 659 770 proximum
684 674 764 743 sine
783 698 827 743 eo
850 674 1022 771 periculo
1041 675 1106 746 de-

99 796 236 896 ligare,
254 818 341 864 cum
375 791 422 864 ad
457 791 539 862 illas
565 787 804 863 difficultates
833 794 997 866 tenuitas
1019 776 1108 889 quo·

100 939 175 1010 que
203 910 379 993 accedat.
396 934 497 1006 quae,
523 913 553 980 si
585 907 680 979 nihil
699 908 821 994 aliud,
850 925 951 982 certe
985 910 1109 1008 pervi-

99 1028 238 1112 dendi,
263 1027 411 1125 quiade
440 1031 554 1101 ramis
570 1026 704 1098 vicinis
723 1027 898 1124 pluribus
924 1029 1109 1112 sauciatus

100 1148 164 1234 sit,
181 1162 246 1218 aut
265 1145 552 1232 minuemus,
571 1141 786 1216 facultatem
806 1147 1016 1244 plurimum
1039 1149 1109 1216 mi-

101 1266 195 1337 nuit.
211 1267 301 1355 Quae
319 1263 448 1334 onmia
467 1263 536 1334 etsi
555 1262 610 1333 uti
628 1260 726 1352 dixi,
744 1264 795 1334 ita
812 1281 890 1336 esse
906 1262 1046 1336 debere
1062 1264 1113 1333 vi-

102 1383 283 1470 deantur;
296 1395 422 1452 tamen
435 1378 537 1452 haud
551 1381 725 1478 ignarus,
743 1405 1023 1480 nonnunquam
1035 1403 1114 1454 suc·

101 1498 237 1572 cedere
255 1522 364 1595 posse
384 1521 468 1595 quoe
479 1523 629 1595 sperare
642 1501 768 1571 minus
782 1499 958 1587 auderes3
971 1497 1113 1570 idcirco

103 1617 390 1714 responsionem
418 1611 540 1688 meam
559 1619 760 1706 contraxi,
791 1633 834 1689 ut
862 1617 972 1688 nulla
987 1621 1115 1708 ferme

97 1749 188 1806 arte
205 1758 285 1806 rem
299 1734 481 1829 consequi
497 1733 608 1804 licere
622 1734 800 1806 dicerem.
821 1737 898 1807 Nec
914 1759 974 1807 me
985 1736 1117 1808 itares·

106 1847 284 1948 pondisse
317 1849 513 1945 poeuituit,
538 1873 628 1920 cum
658 1853 698 1920 in
725 1851 960 1922 curationem
984 1867 1116 1948 postea

105 1965 223 2040 incidi
239 1965 427 2051 vulneris,
442 1965 605 2062 jugulari
626 1967 782 2036 internae
799 1991 902 2039 venae
931 1967 1117 2057 inflicti‚a

102 2084 174 2158 cel.
188 2081 462 2180 schlichtingio
475 2083 530 2179 (1)
548 2085 780 2180 propositam
792 2137 802 2171 ‚
813 2084 921 2180 cujus
939 2106 1063 2181 spem,
1075 2102 1119 2158 ut

102 2226 240 2274 omnes
253 2201 391 2272 imitari
409 2217 590 2299 possunt,
609 2204 663 2274 sic
684 2203 830 2272 utinam
846 2218 883 2274 et
902 2201 1117 2275 felicitatem

105 2321 290 2418 consequi
304 2335 468 2417 possent.

156 2439 213 2512 23.
235 2437 307 2511 Sed
323 2438 384 2510 illa
398 2439 438 2510 in
453 2438 664 2536 colloquiis.
686 2438 856 2510 Alterum
884 2463 953 2537 per
977 2441 1119 2512 litteras

105 2560 304 2656 quaesitum
325 2571 381 2628 est
396 2581 497 2628 anno
523 2556 626 2655 1735.
653 2558 788 2628 Juveui
806 2558 939 2655 viginti
952 2572 1119 2656 quatuor

103 2698 228 2748 annos
251 2689 340 2748 nato
355 2725 365 2762 ,
382 2673 565 2772 bonoque
594 2676 766 2771 corpoeis
792 2675 923 2746 habitu
944 2675 1121 2774 praedito,

107 2792 295 2892 inflictum
318 2791 625 2889 quadrangulato
653 2810 764 2866 acuto
783 2798 949 2892 pugione
978 2795 1118 2868 vulnus

107 2909 247 2994 fuerat,
273 2907 419 3006 quoda
444 2909 534 2980 colli
559 2912 710 2984 sinistro
737 2910 851 2984 latere
877 2913 999 2984 tribus
1022 2912 1121 2984 infra
1153 2891 1158 2901 ⁴

109 3028 323 3100 auriculam
348 3027 570 3098 transversis
589 3027 735 3124 digitis.
766 3028 922 3125 oblique
941 3030 1121 3102 tendebat

110 3147 261 3219 initium
278 3167 408 3218 versus
426 3143 580 3242 spinalis
607 3143 789 3217 medullae.
819 3149 897 3216 Etsi
922 3171 942 3216 e
962 3147 1127 3219 vulnere.

110 3265 208 3336 nihil
226 3262 343 3338 ferme
370 3261 548 3361 prodibat
564 3263 775 3360 sanguinis,
804 3277 931 3334 tamen
945 3263 1052 3335 illico
1066 3265 1124 3360 ju*

112 3383 219 3454 venis
254 3380 438 3470 concidit,
462 3380 644 3452 movendi
672 3396 709 3452 et
737 3380 924 3452 sentiendi
947 3379 1122 3454 facultate

113 3501 155 3572 in
176 3499 355 3580 omuibus
380 3525 463 3596 quae
481 3497 578 3588 infra
596 3515 711 3598 caput
728 3515 816 3572 sunt
835 3499 1008 3597 partibus
1028 3498 1123 3572 adeo

114 3617 336 3704 destitutus,
353 3632 396 3688 ut
412 3591 758 3690 domdmferendus
782 3614 916 3706 fuecit,
937 3620 1026 3689 etin
1047 3617 1123 3689 lec-

157 3987 204 4066 (1)
224 3991 291 4046 Act.
304 3989 343 4046 N.
355 3991 388 4046 C.
405 4000 477 4048 tom.
496 3989 527 4060 8,
540 3989 605 4045 obs.
617 4005 665 4063 ²9·
