2828 4652
93 472 1115 501 *summm-mmmmm

443 723 516 792 AD
553 721 785 791 AMtctJttt

154 903 396 1048 urtsrom
417 961 917 1092 anatomicoanrurcn
939 969 1061 1040 xcix.
1166 921 1168 926 ’

355 1221 413 1295 D'e
429 1219 607 1294 Febribus
622 1221 741 1292 verba
755 1217 867 1316 stunt.

108 1449 219 1626 Qut
250 1519 486 1618 longissimas
505 1543 527 1590 a
549 1541 611 1589 me
628 1516 770 1590 litteras
788 1539 868 1588 non
893 1517 944 1589 ita
967 1515 1117 1616 pridem

106 1637 441 1738 acceperis,nunc
469 1651 642 1734 expectas
670 1633 826 1708 formsse
841 1634 1050 1733 longiores,
1075 1650 1119 1708 ut

108 1781 276 1857 quarum
292 1768 558 1854 argumentum
571 1754 645 1826 sint
652 1750 796 1841 febres,
808 1752 934 1826 morbi
945 1755 1117 1826 omnium

106 1873 424 1973 frequentissimi,
449 1887 486 1944 et
500 1873 594 1944 varii
611 1872 724 1961 adeo,
746 1887 860 1970 atque
879 1872 1118 1970 multiplices.

108 1997 158 2066 Et
177 2017 264 2066 sane
278 1991 469 2090 quaeipsis
486 1991 526 2061 in
542 1991 789 2088 Sepulchreto
802 1992 1018 2087 assignatur
1030 1990 1117 2068 libri

108 2113 163 2184 IV
186 2111 302 2184 sectio
317 2114 363 2198 1¹,
384 2132 499 2180 unam
528 2097 586 2180 ex'
600 2107 870 2206 prolixioribus
895 2133 975 2180 esse
1000 2108 1116 2182 vites,

109 2234 197 2301 Haec
215 2244 342 2300 tamen
360 2225 518 2326 epistola
534 2240 577 2297 ut
595 2225 811 2298 brevissima
837 2249 915 2295 non
934 2227 981 2296 sit
990 2251 1006 2312 3¹
1018 2240 1119 2328 certe

110 2350 213 2420 inter
230 2345 423 2444 longiores
442 2369 524 2416 nou
537 2345 618 2416 erit.
645 2343 744 2436 Quid
765 2345 867 2415 enim
880 2342 964 2432 hic,
983 2347 1120 2418 sectio-

110 2489 202 2536 nem
222 2463 327 2534 illam
344 2463 526 2552 imitatus,
542 2477 728 2561 repetam,
744 2477 808 2534 aut
822 2463 1023 2561 anticipem
1037 2479 1120 2562 qua

112 2583 224 2670 satis,
241 2579 441 2679 aptiusque
457 2579 546 2652 alibi
556 2580 603 2652 ad
616 2595 656 2652 te
670 2581 821 2678 scrip'si,
836 2596 900 2651 aut
910 2582 1121 2679 scripturus

113 2725 215 2788 sum,
241 2697 288 2772 de
302 2713 361 2771 tot
377 2698 521 2771 morbis
543 2723 662 2796 agens
683 2699 910 2796 quibuscum
937 2723 1006 2772 sua
1020 2715 1122 2776 certa
1248 2763 1252 2776 ,

113 2817 231 2892 febris
272 2818 475 2914 conjuncta
507 2819 597 2890 est?
629 2821 675 2888 In
709 2817 771 2890 illa
801 2833 925 2890 autem
955 2821 1121 2892 sectione

113 2935 401 3036 quamplurima
418 2935 699 3008 observationes
730 2951 818 3008 sunt
839 2957 932 3034 quas
958 2940 1137 3012 Bonetus

115 3055 196 3154 ipse
215 3051 369 3142 fatetur,
396 3053 477 3126 aliis
501 3053 593 3126 locis
617 3077 705 3152 quae
724 3054 889 3144 indicat,
906 3055 953 3128 ab
976 3079 1014 3128 se
1032 3079 1122 3153 pro*
1218 3063 1221 3076 '

114 3173 234 3272 poni,
248 3188 288 3244 et
302 3197 347 3244 ex
363 3172 407 3244 iis
424 3172 628 3270 dequibus
647 3197 726 3244 uon
745 3170 897 3261 fatetur,
924 3174 1012 3246 alias
1029 3195 1123 3272 prae-

114 3305 219 3364 terea
236 3291 434 3389 agnovisse
449 3290 582 3362 videor
598 3293 645 3362 de
658 3291 909 3388 quibusidem
920 3289 1027 3364 lateri
1041 3316 1124 3390 pos·

116 3424 185 3480 set.
205 3408 435 3500 Quinetiam
453 3407 637 3506 quasdam
659 3411 698 3478 in
720 3409 788 3480 illa·
811 3408 940 3481 eadem
960 3411 1125 3484 sectione

117 3551 201 3598 non
214 3521 333 3607 semel
343 3527 486 3624 positas
500 3525 747 3602 animadverti
763 3553 772 3598 ε
798 3551 896 3626 quae
909 3529 1125 3626 singillatim

117 3667 199 3714 uon
215 3667 403 3732 mem0r0,
430 3644 519 3744 quia
534 3659 572 3716 te
593 3661 706 3744 puto,
726 3646 755 3716 si
775 3645 992 3744 diligentius
1011 3673 1127 3745 quam

117 3784 208 3860 ego,
224 3761 344 3859 ipsam
358 3763 546 3860 perlegas,
567 3764 627 3834 vel
645 3765 774 3861 plures
789 3764 878 3836 alias
891 3765 1128 3837 animadver-

120 3903 273 3967 surum,
289 3879 477 3978 simulque
495 3881 696 3953 nonnullas
715 3875 963 3972 miraturum,
990 3885 1030 3954 in
1045 3884 1133 3980 qui-¹

121 3995 193 4069 bus
204 3995 442 4070 incredibilia
458 3997 577 4094 leges,
594 4015 636 4070 ut
653 4015 743 4097 puta
754 4000 793 4071 in
808 4001 1003 4098 pestilenti
1011 4001 1129 4072 hemi·
