2816 5282
321 393 391 470 580
478 419 526 466 os
552 414 698 466 surmus
723 416 766 462 rr
790 413 916 462 cuusls
941 413 1146 464 uonnouuu

318 549 356 608 et
371 532 630 632 peritonaeum.
650 528 844 600 Novennis
856 519 983 600 autem
1000 545 1080 601 erat
1090 535 1288 630 puerinquo

243 683 246 690 ·
316 651 522 724 laceratum
543 649 652 746 jecur
667 645 838 720 Valsalva
855 647 1021 736 invenit,
1048 662 1085 718 et
1103 649 1203 745 pueri
1217 674 1302 744 quo·¹

317 792 393 868 que
404 781 481 838 tres
490 766 545 836 illi
563 779 690 853 erant,
711 788 875 860 quorum
897 787 1010 862 supra
1027 763 1086 862 (1)
1100 789 1145 836 ex
1160 765 1199 836 cl.
1217 766 1290 836 Heis·

316 901 399 958 tero
423 884 655 956 mentionem
678 879 875 969 facientes,
894 883 1017 954 viscus
1041 883 1205 980 aliquod,
1219 898 1248 952 et
1264 884 1291 950 in

315 1003 427 1076 tertio
441 1002 550 1098 jecur
566 1001 691 1100 ipsum
708 998 875 1071 medium
892 1001 1053 1070 omnino
1072 999 1292 1097 disruptuma

315 1120 353 1190 vi
375 1119 605 1191 extrinsecus
624 1115 820 1188 abdomini
836 1115 958 1204 illata,
983 1131 1068 1188 cute
1086 1117 1292 1215 quantumvis

315 1239 482 1334 integra,
505 1232 617 1307 fuisse
635 1232 807 1305 diximus.
821 1237 867 1304 Et
880 1257 975 1330 puer
990 1233 1116 1306 adhuc
1128 1249 1201 1305 erat
1213 1234 1293 1328 isqui

316 1353 444 1426 ebrius
467 1377 487 1424 e
508 1351 677 1450 plaustro
701 1349 895 1449 delapsuS,
914 1353 1066 1449 orique,
1086 1367 1124 1423 et
1142 1367 1215 1422 rota
1231 1375 1293 1448 pos-

314 1470 747 1556 teriorecurruseversi‚
764 1483 801 1540 et
809 1470 1039 1542 transeuntis
1050 1472 1207 1568 graviter
1218 1491 1294 1567 pree

314 1611 378 1662 sus
384 1641 395 1674 ,
415 1601 451 1658 et
473 1585 618 1658 decima
638 1599 725 1684 post
739 1584 834 1656 hora
849 1591 1039 1676 mortuus,
1058 1602 1193 1684 praeter
1207 1588 1292 1657 intes·

313 1704 394 1776 tina
410 1702 472 1772 hic
491 1701 568 1773 illic
584 1700 691 1774 valde
713 1718 893 1793 contusa,
912 1718 950 1775 et
972 1702 1107 1794 livida,
1128 1700 1292 1802 pylorun,

314 1807 454 1920 hepar,
477 1844 612 1892 venam
640 1835 855 1919 portarum,
879 1835 916 1892 et
949 1845 1080 1926 renem
1111 1813 1295 1906 dexterum,

313 1938 531 2038 lienemque
548 1953 726 2036 praeterea
744 1937 877 2010 habuit
896 1962 965 2035 per
986 1936 1156 2012 medium
1172 1961 1295 2038 prorsus

314 2071 446 2156 rupta,
473 2057 634 2126 mirante
656 2059 829 2128 Preussio
847 2055 920 2154 (α),
938 2057 1005 2154 qui
1024 2055 1110 2130 fieri
1127 2058 1295 2156 potuisset,

314 2188 357 2246 ut
373 2188 459 2270 post
472 2187 529 2244 tot
545 2187 740 2270 tantasque
753 2173 936 2260 testones,
952 2190 989 2246 et
1011 2175 1210 2248 immanem
1230 2182 1296 2242 mor
1363 2269 1364 2274 ἵ

316 2291 528 2390 sanguinis,
547 2315 623 2388 quo
637 2305 809 2362 ventrem
828 2291 983 2389 plenum
1000 2294 1167 2384 invenit,
1182 2291 1297 2367 effusio

316 2432 423 2494 nem,
449 2413 506 2477 tot
525 2407 637 2479 horas
662 2410 822 2495 viveret,
855 2423 936 2478 tum
959 2408 1052 2481 illud
1075 2413 1205 2498 etiam,
1231 2431 1297 2480 nus·

316 2549 430 2622 quam
461 2540 602 2612 cutem,
628 2551 675 2596 ne
699 2527 738 2596 in
771 2526 975 2600 abdomine
1010 2529 1187 2625 quidem,
1212 2526 1296 2598 fuisse
1364 2539 1365 2588 t

315 2655 485 2738 ruptam,
504 2642 577 2710 nisi
598 2641 696 2713 hanc
710 2645 849 2742 quippe
874 2645 1048 2734 mollem,
1068 2661 1108 2718 et
1123 2672 1201 2744 quae
1218 2642 1296 2715 facile

317 2757 619 2855 extendipossit3
638 2775 674 2830 et
693 2761 819 2832 mollia
838 2761 1005 2858 subjecta
1022 2758 1169 2836 visceri
1189 2762 1297 2834 huben·

317 2889 415 2960 tem,
439 2871 534 2946 forte
561 2875 729 2948 dicamus
748 2878 880 2950 cedere
900 2882 950 2950 ita
968 2882 1155 2978 potuisse,¹
1169 2898 1205 2954 ut
1215 2881 1297 2951 illesa

315 3006 579 3091 permaneret;
603 2994 744 3065 viscera
773 3011 898 3067 autem
927 2996 991 3067 illa
1015 2998 1054 3068 in
1076 3001 1295 3095 posteriorem

317 3109 460 3180 ventris
468 3109 650 3210 parietem
668 3135 741 3207 qua
762 3113 922 3182 maxima
940 3139 985 3184 ex
1002 3131 1109 3212 parte
1127 3131 1182 3188 est
1197 3133 1297 3186 osseus

320 3226 426 3299 etad
451 3224 710 3310 firmissimum
739 3228 952 3326 subjectum
975 3232 1103 3304 ‘solum
1126 3232 1297 3306 violentius

310 3342 469 3432 *adacta‚
487 3359 524 3415 et
537 3344 750 3442 compulsa,
771 3371 855 3417 cum
874 3347 1010 3422 cedere
1026 3367 1223 3449 propterea
1238 3369 1296 3418 non

318 3473 494 3558 possent,
508 3464 719 3533 necessario
733 3486 811 3536 esse
821 3463 913 3538 fissa.
933 3471 977 3538 Et
988 3467 1137 3541 videtur
1149 3487 1296 3541 sanecor·

290 3632 294 3639 .
318 3577 421 3675 poris
446 3577 715 3674 integumentis
743 3583 978 3655 naturalibus
1006 3585 1101 3658 illud
1132 3583 1296 3659 interdum

315 3751 1298 3786 Ἢ

376 3877 387 3913 1
424 3860 462 3915 Ν.
488 3857 534 3915 15.
871 3899 874 3908 ·

358 3857 404 4032 i²i
422 3957 499 4032 Eph.
511 3959 549 4016 tt.
563 3961 596 4018 C.
609 3960 673 4020 dec.
689 3963 723 4036 3,
736 3967 763 4021 A
775 3961 792 4021 5
804 3975 834 4022 et
848 3966 899 4040 16,
910 3955 978 4046 olis.
992 3969 1061 4027 228.
