2816 5282
306 365 377 440 560
445 387 492 434 or
519 385 665 436 seorsus
690 386 735 432 rr
761 385 885 434 causis
911 387 1126 438 uoaaonnrr

301 527 386 574 rum
404 501 636 600 moereatis,
664 501 848 596 majorem
871 487 945 572 coli
976 503 1149 576 intestini
1176 523 1317 603 partera

300 623 341 694 in
371 620 519 694 sinistra
549 617 715 690 thoracis
744 642 864 690 cavea.
897 617 1110 709 delituisse,
1137 647 1228 720 quae
1252 628 1318 698 coli

300 762 404 836 pars,
427 760 504 811 una
532 759 627 807 cum.
652 734 855 824 duodeno,
881 736 1073 833 peridem
1103 740 1236 812 exibat
1256 769 1319 840 per

301 855 406 954 quod
423 851 924 952 ingrediebatur,amplurn,
935 879 1160 953 nerveoque
1175 859 1317 931 circulo

300 973 653 1068 circumscriptum,
673 967 843 1068 foramen
862 972 902 1042 in
922 970 1115 1067 subjecte,
1131 975 1245 1070 quod
1270 993 1317 1046 to-

300 1107 381 1164 tum
407 1105 486 1164 erat
515 1112 737 1175 carnosum,
763 1088 1048 1187 diaphragmate
1072 1093 1317 1187 peculiariter

298 1223 483 1308 apertum.
500 1213 519 1278 J
523 1208 655 1280 uvenis
672 1231 763 1278 vero
781 1205 895 1294 alter,
915 1205 962 1278 ab
977 1208 1130 1280 Riverio
1149 1209 1316 1309 descrip-

300 1343 380 1416 tus,
408 1325 662 1398 ventriculum
695 1323 879 1400 duntaxat
905 1326 944 1395 in
973 1323 1130 1398 thorace
1163 1327 1315 1418 habuit,

192 1528 196 1536 ,
298 1443 366 1518 sed
387 1468 408 1515 a
426 1443 582 1529 dextris,
600 1467 682 1539 qua
697 1441 864 1516 thoracis
887 1466 997 1540 pars,
1021 1467 1108 1518 cum
1129 1445 1314 1541 pulmone

281 1575 462 1647 careret,
479 1561 530 1632 sic
554 1559 602 1632 ab
617 1575 704 1632 ortu
717 1584 799 1630 rem
812 1557 947 1650 luisse,
970 1558 1222 1660 significabat.
1239 1567 1316 1654 Qua

299 1695 425 1753 autem
438 1679 496 1748 via
512 1703 581 1776 per
594 1691 742 1776 septum
753 1691 1009 1750 transversum
1024 1678 1203 1775 prodiret
1222 1681 1315 1752 duo·
1389 1769 1390 1780 ἵ

285 1797 441 1896 1151111111
453 1797 691 1884 intestinum,
707 1797 878 1868 Riverius
891 1797 1004 1868 siluit.
1020 1797 1088 1867 llla
1099 1822 1184 1868 non
1199 1801 1313 1888 siluit,

276 1917 473 2012 ,juvenem
491 1929 573 1986 toto
590 1915 672 1984 vitae
696 1913 861 1986 decursu
891 1913 1060 2012 spirandi
1087 1913 1313 1990 difficultate

300 2059 379 2114 non
399 2030 510 2108 fuisse
536 2031 645 2104 valde
669 2055 916 2130 oppressum:
936 2033 988 2104 sic
1002 2033 1104 2104 enim
1124 2036 1167 2103 in
1190 2037 1314 2134 Sepul-

299 2150 434 2224 chreto
450 2173 603 2248 quoque
627 2147 875 2222 scribendum
900 2147 1035 2238 luerat3
1054 2164 1092 2220 et
1107 2150 1312 2224 vehemen-

299 2269 500 2343 tissimosa
527 2279 680 2364 sumpto
702 2267 913 2362 antimonio
941 2267 1123 2338 vomendi
1156 2286 1313 2342 conatus

299 2388 458 2468 omnino
475 2385 602 2458 irritos
621 2385 755 2471 luisse,
774 2382 980 2480 impedito,
999 2399 1042 2454 ut
1060 2385 1313 2486 Riveriuspu·

298 2504 420 2590 tabat,
453 2501 666 2575 ventriculo
692 2526 713 2573 a
743 2515 933 2572 costarum
968 2500 1125 2574 ambitu.
1161 2508 1314 2578 Juvenis

299 2637 425 2694 autem
437 2619 483 2691 de
502 2643 580 2716 quo
597 2617 821 2705 Clauderus,
835 2633 875 2691 'et
899 2619 1170 2708 Bartholinus,
1201 2623 1316 2696 libera
1388 2697 1389 2734 ,

300 2762 472 2836 semper,
505 2737 536 2808 si
577 2734 841 2824 subitaneum,
880 2752 919 2836 et
960 2738 1036 2808 cito
1082 2763 1315 2813 cranescens

298 2857 444 2930 asthma
455 2854 634 2952 excipias,
647 2878 738 2926 usus
751 2851 871 2929 fuerat
882 2856 1150 2953 respiratione:
1169 2876 1212 2931 et
1220 2861 1316 2933 inter

297 2976 462 3047 vomitus
482 2972 762 3071 propemodum
782 2971 1316 3070 infinitosest.1nortuus,ta·

228 3089 236 3098 ’
298 3094 408 3170 metsi
427 3090 657 3164 ventriculus
677 3087 889 3164 fortissimis
914 3091 1060 3190 aliquot
1076 3093 1249 3168 vinculis
1272 3096 1316 3168 ad
1388 3133 1389 3184 ÷

299 3211 568 3319 diaphragma,
603 3232 762 3306 eamque
798 3210 974 3280 viciniam
1017 3211 1196 3318 alligatus
1243 3240 1317 3312 qua
1388 3201 1389 3238 r

299 3326 605 3404 committebatur
625 3351 711 3398 cum
730 3327 838 3424 gula,
860 3343 966 3426 parte
988 3329 1135 3426 reliqua
1160 3355 1316 3404 sursum

299 3470 480 3521 conversa
491 3442 608 3516 ferme
625 3443 673 3515 ad
690 3445 890 3517 claviculas
905 3445 1170 3543 perveniebat,
1189 3465 1316 3523 totum

298 3566 407 3666 quasi
431 3587 644 3661 occupans,
679 3564 740 3666 cui
762 3581 841 3635 erat
864 3564 1034 3636 inclusus
1052 3565 1228 3640 thoracis
1254 3595 1315 3642 ca·

297 3710 398 3756 vum.
430 3687 521 3774 Quae
549 3670 799 3779 symptomata
825 3680 1008 3753 infantem
1041 3703 1228 3758 vexarent
1259 3688 1314 3760 bi·

298 3818 492 3890 mestrem,
508 3799 555 3873 ab
566 3803 649 3897 ipso
665 3814 751 3870 ortu
764 3781 860 3871 male
874 3823 912 3872 se
926 3799 1132 3890 habentem
1148 3858 1159 3891 ,
1182 3807 1225 3876 in
1239 3830 1312 3903 quo

298 3918 453 3990 Carolus
466 3918 618 4040 Η1111111ι5Γ
630 3919 807 3990 intestina
823 3917 942 3992 ferme
969 3922 1100 3992 omnia
1122 3947 1215 3994 cum
1236 3947 1311 3994 me·
1387 4013 1388 4018 ἵ
