<?xml version="1.0" encoding="UTF-8"?>
<!DOCTYPE html PUBLIC "-//W3C//DTD XHTML 1.0 Transitional//EN"
    "http://www.w3.org/TR/xhtml1/DTD/xhtml1-transitional.dtd">
<html xmlns="http://www.w3.org/1999/xhtml" xml:lang="en" lang="en">
 <head>
  <title>
</title>
<meta http-equiv="Content-Type" content="text/html;charset=utf-8" />
  <meta name='ocr-system' content='tesseract 3.04.00' />
  <meta name='ocr-capabilities' content='ocr_page ocr_carea ocr_par ocr_line ocrx_word'/>
</head>
<body>
  <div class='ocr_page' id='page_1' title='image "./desedibusetcaus03adelgoog_0499.png"; bbox 0 0 2946 4662; ppageno 0'>
   <div class='ocr_carea' id='block_1_1' title="bbox 228 407 1177 492">
    <p class='ocr_par' dir='ltr' id='par_1_1' title="bbox 228 407 1177 492">
     <span class='ocr_line' id='line_1_1' title="bbox 228 407 1177 492; baseline 0.003 -13"><span class='ocrx_word' id='word_1_1' title='bbox 228 433 297 480; x_wconf 78' lang='lat' dir='ltr'><strong>mr.</strong></span> <span class='ocrx_word' id='word_1_2' title='bbox 312 433 361 480; x_wconf 77' lang='grc' dir='ltr'><strong>ιν.</strong></span> <span class='ocrx_word' id='word_1_3' title='bbox 376 435 421 482; x_wconf 82' lang='lat' dir='ltr'><strong>na</strong></span> <span class='ocrx_word' id='word_1_4' title='bbox 433 433 569 482; x_wconf 76' lang='lat' dir='ltr'><strong>nonnis</strong></span> <span class='ocrx_word' id='word_1_5' title='bbox 581 433 777 492; x_wconf 69' lang='lat' dir='ltr'><strong>cerauno,</strong></span> <span class='ocrx_word' id='word_1_6' title='bbox 793 423 862 480; x_wconf 88' lang='lat' dir='ltr'><strong>etc.</strong></span> <span class='ocrx_word' id='word_1_7' title='bbox 877 434 987 481; x_wconf 79' lang='lat' dir='ltr'><strong>rrrsr.</strong></span> <span class='ocrx_word' id='word_1_8' title='bbox 1005 433 1082 480; x_wconf 77' lang='lat' dir='ltr'><strong>nur.</strong></span> <span class='ocrx_word' id='word_1_9' title='bbox 1112 407 1177 484; x_wconf 84' lang='lat'><strong>501</strong></span> 
     </span>
    </p>
   </div>
   <div class='ocr_carea' id='block_1_2' title="bbox 151 544 1187 3696">
    <p class='ocr_par' dir='ltr' id='par_1_2' title="bbox 151 544 1187 3696">
     <span class='ocr_line' id='line_1_2' title="bbox 185 544 1186 633; baseline 0.003 -18"><span class='ocrx_word' id='word_1_10' title='bbox 185 545 345 633; x_wconf 84' lang='lat' dir='ltr'><strong>cillimae‚</strong></span> <span class='ocrx_word' id='word_1_11' title='bbox 369 562 406 618; x_wconf 88' lang='lat' dir='ltr'><strong>et</strong></span> <span class='ocrx_word' id='word_1_12' title='bbox 423 545 545 618; x_wconf 91' lang='lat' dir='ltr'><strong>delirii</strong></span> <span class='ocrx_word' id='word_1_13' title='bbox 563 547 716 617; x_wconf 90' lang='lat' dir='ltr'><strong>mentio.</strong></span> <span class='ocrx_word' id='word_1_14' title='bbox 750 547 852 616; x_wconf 91' lang='lat' dir='ltr'><strong>Pone</strong></span> <span class='ocrx_word' id='word_1_15' title='bbox 868 544 1084 616; x_wconf 66' lang='lat' dir='ltr'><strong>hic‘vulnus</strong></span> <span class='ocrx_word' id='word_1_16' title='bbox 1106 571 1186 618; x_wconf 89' lang='lat' dir='ltr'><strong>non</strong></span> 
     </span>
     <span class='ocr_line' id='line_1_3' title="bbox 185 660 1187 761; baseline 0.003 -30"><span class='ocrx_word' id='word_1_17' title='bbox 185 660 232 733; x_wconf 91' lang='lat' dir='ltr'><strong>ad</strong></span> <span class='ocrx_word' id='word_1_18' title='bbox 259 663 474 734; x_wconf 84' lang='lat' dir='ltr'><strong>tendineam</strong></span> <span class='ocrx_word' id='word_1_19' title='bbox 502 664 596 761; x_wconf 86' lang='lat' dir='ltr'><strong>septi</strong></span> <span class='ocrx_word' id='word_1_20' title='bbox 617 663 818 734; x_wconf 85' lang='lat' dir='ltr'><strong>transversi</strong></span> <span class='ocrx_word' id='word_1_21' title='bbox 843 677 1003 760; x_wconf 89' lang='lat' dir='ltr'><strong>partem,</strong></span> <span class='ocrx_word' id='word_1_22' title='bbox 1031 662 1114 748; x_wconf 79' lang='lat' dir='ltr'><strong>soil,</strong></span> <span class='ocrx_word' id='word_1_23' title='bbox 1145 678 1187 735; x_wconf 93' lang='lat' dir='ltr'><strong>ut</strong></span> 
     </span>
     <span class='ocr_line' id='line_1_4' title="bbox 186 779 1187 876; baseline 0.005 -30"><span class='ocrx_word' id='word_1_24' title='bbox 186 780 265 850; x_wconf 90' lang='lat' dir='ltr'><strong>veri</strong></span> <span class='ocrx_word' id='word_1_25' title='bbox 281 780 511 851; x_wconf 90' lang='lat' dir='ltr'><strong>simillimum</strong></span> <span class='ocrx_word' id='word_1_26' title='bbox 529 795 601 868; x_wconf 89' lang='lat' dir='ltr'><strong>est,</strong></span> <span class='ocrx_word' id='word_1_27' title='bbox 619 779 666 850; x_wconf 88' lang='lat' dir='ltr'><strong>ad</strong></span> <span class='ocrx_word' id='word_1_28' title='bbox 687 803 879 868; x_wconf 82' lang='lat' dir='ltr'><strong>carneam3</strong></span> <span class='ocrx_word' id='word_1_29' title='bbox 897 805 1021 876; x_wconf 89' lang='lat' dir='ltr'><strong>neque</strong></span> <span class='ocrx_word' id='word_1_30' title='bbox 1044 781 1083 850; x_wconf 90' lang='lat' dir='ltr'><strong>in</strong></span> <span class='ocrx_word' id='word_1_31' title='bbox 1102 805 1187 851; x_wconf 85' lang='lat' dir='ltr'><strong>ven·</strong></span> 
     </span>
     <span class='ocr_line' id='line_1_5' title="bbox 185 894 1185 995; baseline 0.001 -28"><span class='ocrx_word' id='word_1_32' title='bbox 185 909 280 967; x_wconf 85' lang='lat' dir='ltr'><strong>trem</strong></span> <span class='ocrx_word' id='word_1_33' title='bbox 301 913 450 995; x_wconf 84' lang='lat' dir='ltr'><strong>patens,</strong></span> <span class='ocrx_word' id='word_1_34' title='bbox 464 913 506 969; x_wconf 88' lang='lat' dir='ltr'><strong>ut</strong></span> <span class='ocrx_word' id='word_1_35' title='bbox 525 921 571 967; x_wconf 90' lang='lat' dir='ltr'><strong>eo</strong></span> <span class='ocrx_word' id='word_1_36' title='bbox 601 897 853 969; x_wconf 83' lang='lat' dir='ltr'><strong>transmittere</strong></span> <span class='ocrx_word' id='word_1_37' title='bbox 880 894 1042 968; x_wconf 85' lang='lat' dir='ltr'><strong>effusum</strong></span> <span class='ocrx_word' id='word_1_38' title='bbox 1068 921 1089 968; x_wconf 89' lang='grc'><strong>3</strong></span> <span class='ocrx_word' id='word_1_39' title='bbox 1109 896 1185 968; x_wconf 87' lang='lat' dir='ltr'><strong>dis·</strong></span> 
     </span>
     <span class='ocr_line' id='line_1_6' title="bbox 184 997 1187 1111; baseline 0.003 -28"><span class='ocrx_word' id='word_1_40' title='bbox 184 1015 304 1111; x_wconf 90' lang='lat' dir='ltr'><strong>ruptis</strong></span> <span class='ocrx_word' id='word_1_41' title='bbox 318 1039 392 1085; x_wconf 88' lang='lat' dir='ltr'><strong>una</strong></span> <span class='ocrx_word' id='word_1_42' title='bbox 416 1039 502 1086; x_wconf 90' lang='lat' dir='ltr'><strong>cum</strong></span> <span class='ocrx_word' id='word_1_43' title='bbox 519 1015 632 1086; x_wconf 88' lang='lat' dir='ltr'><strong>costis</strong></span> <span class='ocrx_word' id='word_1_44' title='bbox 648 997 952 1088; x_wconf 81' lang='lat' dir='ltr'><strong>intercoslalibus</strong></span> <span class='ocrx_word' id='word_1_45' title='bbox 965 1015 1077 1104; x_wconf 87' lang='lat' dir='ltr'><strong>vasis,</strong></span> <span class='ocrx_word' id='word_1_46' title='bbox 1107 1039 1187 1087; x_wconf 88' lang='lat' dir='ltr'><strong>sau-</strong></span> 
     </span>
     <span class='ocr_line' id='line_1_7' title="bbox 185 1131 1186 1230; baseline 0.004 -29"><span class='ocrx_word' id='word_1_47' title='bbox 185 1132 336 1227; x_wconf 84' lang='lat' dir='ltr'><strong>guinem</strong></span> <span class='ocrx_word' id='word_1_48' title='bbox 350 1133 486 1230; x_wconf 89' lang='lat' dir='ltr'><strong>possit,</strong></span> <span class='ocrx_word' id='word_1_49' title='bbox 515 1131 580 1203; x_wconf 88' lang='lat' dir='ltr'><strong>sed</strong></span> <span class='ocrx_word' id='word_1_50' title='bbox 599 1133 639 1200; x_wconf 89' lang='lat' dir='ltr'><strong>in</strong></span> <span class='ocrx_word' id='word_1_51' title='bbox 658 1131 848 1220; x_wconf 86' lang='lat' dir='ltr'><strong>laceratis,</strong></span> <span class='ocrx_word' id='word_1_52' title='bbox 873 1133 1186 1230; x_wconf 89' lang='lat' dir='ltr'><strong>compunctisque</strong></span> 
     </span>
     <span class='ocr_line' id='line_1_8' title="bbox 184 1247 1187 1347; baseline 0.004 -29"><span class='ocrx_word' id='word_1_53' title='bbox 184 1247 389 1322; x_wconf 86' lang='lat' dir='ltr'><strong>identidem</strong></span> <span class='ocrx_word' id='word_1_54' title='bbox 408 1273 429 1320; x_wconf 90' lang='lat' dir='ltr'><strong>a</strong></span> <span class='ocrx_word' id='word_1_55' title='bbox 452 1247 629 1321; x_wconf 74' lang='lat' dir='ltr'><strong>diffracta</strong></span> <span class='ocrx_word' id='word_1_56' title='bbox 651 1263 759 1320; x_wconf 87' lang='lat' dir='ltr'><strong>costae</strong></span> <span class='ocrx_word' id='word_1_57' title='bbox 777 1249 974 1347; x_wconf 84' lang='lat' dir='ltr'><strong>asperitate</strong></span> <span class='ocrx_word' id='word_1_58' title='bbox 1001 1247 1187 1322; x_wconf 69' lang='lat' dir='ltr'><strong>fasciculis</strong></span> 
     </span>
     <span class='ocr_line' id='line_1_9' title="bbox 185 1367 1185 1468; baseline 0.003 -31"><span class='ocrx_word' id='word_1_59' title='bbox 185 1369 331 1439; x_wconf 85' lang='lat' dir='ltr'><strong>carneis</strong></span> <span class='ocrx_word' id='word_1_60' title='bbox 344 1367 603 1465; x_wconf 89' lang='lat' dir='ltr'><strong>superioribus</strong></span> <span class='ocrx_word' id='word_1_61' title='bbox 618 1367 843 1456; x_wconf 87' lang='lat' dir='ltr'><strong>consistens,</strong></span> <span class='ocrx_word' id='word_1_62' title='bbox 871 1367 922 1438; x_wconf 94' lang='lat' dir='ltr'><strong>ob</strong></span> <span class='ocrx_word' id='word_1_63' title='bbox 936 1367 1185 1468; x_wconf 85' lang='lat' dir='ltr'><strong>eamdemque</strong></span> 
     </span>
     <span class='ocr_line' id='line_1_10' title="bbox 185 1483 1185 1580; baseline 0.002 -26"><span class='ocrx_word' id='word_1_64' title='bbox 185 1507 332 1556; x_wconf 87' lang='lat' dir='ltr'><strong>causam</strong></span> <span class='ocrx_word' id='word_1_65' title='bbox 351 1483 624 1556; x_wconf 85' lang='lat' dir='ltr'><strong>inflammatum</strong></span> <span class='ocrx_word' id='word_1_66' title='bbox 635 1511 645 1572; x_wconf 82' lang='lat'>3</span> <span class='ocrx_word' id='word_1_67' title='bbox 653 1485 731 1580; x_wconf 90' lang='lat' dir='ltr'><strong>jam</strong></span> <span class='ocrx_word' id='word_1_68' title='bbox 740 1484 842 1557; x_wconf 89' lang='lat' dir='ltr'><strong>unde</strong></span> <span class='ocrx_word' id='word_1_69' title='bbox 857 1485 1048 1557; x_wconf 87' lang='lat' dir='ltr'><strong>extiterint</strong></span> <span class='ocrx_word' id='word_1_70' title='bbox 1058 1487 1185 1556; x_wconf 87' lang='lat' dir='ltr'><strong>omnia</strong></span> 
     </span>
     <span class='ocr_line' id='line_1_11' title="bbox 185 1600 1187 1699; baseline 0.003 -29"><span class='ocrx_word' id='word_1_71' title='bbox 185 1602 283 1672; x_wconf 88' lang='lat' dir='ltr'><strong>inter</strong></span> <span class='ocrx_word' id='word_1_72' title='bbox 297 1600 397 1672; x_wconf 89' lang='lat' dir='ltr'><strong>hanc</strong></span> <span class='ocrx_word' id='word_1_73' title='bbox 414 1617 451 1673; x_wconf 89' lang='lat' dir='ltr'><strong>et</strong></span> <span class='ocrx_word' id='word_1_74' title='bbox 476 1604 711 1699; x_wconf 91' lang='lat' dir='ltr'><strong>superiorem</strong></span> <span class='ocrx_word' id='word_1_75' title='bbox 729 1601 1032 1674; x_wconf 85' lang='lat' dir='ltr'><strong>observationem</strong></span> <span class='ocrx_word' id='word_1_76' title='bbox 1061 1603 1187 1675; x_wconf 89' lang='lat' dir='ltr'><strong>discri-</strong></span> 
     </span>
     <span class='ocr_line' id='line_1_12' title="bbox 182 1718 1183 1816; baseline 0.003 -27"><span class='ocrx_word' id='word_1_77' title='bbox 182 1720 306 1808; x_wconf 88' lang='lat' dir='ltr'><strong>mina,</strong></span> <span class='ocrx_word' id='word_1_78' title='bbox 332 1719 524 1816; x_wconf 84' lang='lat' dir='ltr'><strong>intelliges.</strong></span> <span class='ocrx_word' id='word_1_79' title='bbox 555 1720 734 1809; x_wconf 89' lang='lat' dir='ltr'><strong>Quamvis</strong></span> <span class='ocrx_word' id='word_1_80' title='bbox 752 1731 885 1790; x_wconf 87' lang='lat' dir='ltr'><strong>autem</strong></span> <span class='ocrx_word' id='word_1_81' title='bbox 909 1720 948 1790; x_wconf 89' lang='lat' dir='ltr'><strong>in</strong></span> <span class='ocrx_word' id='word_1_82' title='bbox 971 1746 1035 1792; x_wconf 85' lang='lat' dir='ltr'><strong>sex</strong></span> <span class='ocrx_word' id='word_1_83' title='bbox 1057 1718 1183 1794; x_wconf 80' lang='lat' dir='ltr'><strong>fractis</strong></span> 
     </span>
     <span class='ocr_line' id='line_1_13' title="bbox 182 1835 1182 1934; baseline 0.002 -27"><span class='ocrx_word' id='word_1_84' title='bbox 182 1837 340 1908; x_wconf 89' lang='lat' dir='ltr'><strong>sinistris</strong></span> <span class='ocrx_word' id='word_1_85' title='bbox 350 1838 480 1925; x_wconf 89' lang='lat' dir='ltr'><strong>costis,</strong></span> <span class='ocrx_word' id='word_1_86' title='bbox 497 1852 534 1908; x_wconf 87' lang='lat' dir='ltr'><strong>et</strong></span> <span class='ocrx_word' id='word_1_87' title='bbox 551 1836 753 1934; x_wconf 86' lang='lat' dir='ltr'><strong>sanguine,</strong></span> <span class='ocrx_word' id='word_1_88' title='bbox 772 1835 865 1908; x_wconf 91' lang='lat' dir='ltr'><strong>illud</strong></span> <span class='ocrx_word' id='word_1_89' title='bbox 877 1835 1182 1909; x_wconf 85' lang='lat' dir='ltr'><strong>thoraciscavum</strong></span> 
     </span>
     <span class='ocr_line' id='line_1_14' title="bbox 180 1950 1184 2052; baseline 0.003 -29"><span class='ocrx_word' id='word_1_90' title='bbox 180 1953 379 2052; x_wconf 88' lang='lat' dir='ltr'><strong>implente,</strong></span> <span class='ocrx_word' id='word_1_91' title='bbox 400 1955 486 2027; x_wconf 89' lang='lat' dir='ltr'><strong>satis</strong></span> <span class='ocrx_word' id='word_1_92' title='bbox 504 1977 698 2026; x_wconf 86' lang='lat' dir='ltr'><strong>causarum</strong></span> <span class='ocrx_word' id='word_1_93' title='bbox 716 1954 762 2024; x_wconf 90' lang='lat' dir='ltr'><strong>sit</strong></span> <span class='ocrx_word' id='word_1_94' title='bbox 783 1950 945 2026; x_wconf 86' lang='lat' dir='ltr'><strong>difficilis</strong></span> <span class='ocrx_word' id='word_1_95' title='bbox 969 1956 1184 2052; x_wconf 85' lang='lat' dir='ltr'><strong>respiratio-</strong></span> 
     </span>
     <span class='ocr_line' id='line_1_15' title="bbox 178 2069 1183 2158; baseline 0.004 -16"><span class='ocrx_word' id='word_1_96' title='bbox 178 2072 259 2158; x_wconf 89' lang='lat' dir='ltr'><strong>nis,</strong></span> <span class='ocrx_word' id='word_1_97' title='bbox 276 2087 401 2144; x_wconf 88' lang='lat' dir='ltr'><strong>tamen</strong></span> <span class='ocrx_word' id='word_1_98' title='bbox 427 2074 456 2144; x_wconf 94' lang='lat' dir='ltr'><strong>si</strong></span> <span class='ocrx_word' id='word_1_99' title='bbox 483 2071 582 2144; x_wconf 89' lang='lat' dir='ltr'><strong>hanc</strong></span> <span class='ocrx_word' id='word_1_100' title='bbox 602 2069 855 2143; x_wconf 88' lang='lat' dir='ltr'><strong>difficiliorem</strong></span> <span class='ocrx_word' id='word_1_101' title='bbox 883 2086 981 2144; x_wconf 81' lang='lat' dir='ltr'><strong>tunc</strong></span> <span class='ocrx_word' id='word_1_102' title='bbox 1009 2097 1088 2144; x_wconf 92' lang='lat' dir='ltr'><strong>esse</strong></span> <span class='ocrx_word' id='word_1_103' title='bbox 1112 2071 1183 2146; x_wconf 85' lang='lat' dir='ltr'><strong>fac·</strong></span> 
     </span>
     <span class='ocr_line' id='line_1_16' title="bbox 179 2187 1184 2278; baseline 0 -18"><span class='ocrx_word' id='word_1_104' title='bbox 179 2204 273 2275; x_wconf 89' lang='lat' dir='ltr'><strong>tam,</strong></span> <span class='ocrx_word' id='word_1_105' title='bbox 288 2189 611 2278; x_wconf 87' lang='lat' dir='ltr'><strong>animadverteris,</strong></span> <span class='ocrx_word' id='word_1_106' title='bbox 628 2213 715 2262; x_wconf 89' lang='lat' dir='ltr'><strong>cum</strong></span> <span class='ocrx_word' id='word_1_107' title='bbox 737 2187 887 2266; x_wconf 83' lang='lat' dir='ltr'><strong>adeam</strong></span> <span class='ocrx_word' id='word_1_108' title='bbox 912 2191 1065 2261; x_wconf 88' lang='lat' dir='ltr'><strong>accessit</strong></span> <span class='ocrx_word' id='word_1_109' title='bbox 1090 2189 1184 2260; x_wconf 88' lang='lat' dir='ltr'><strong>deli-</strong></span> 
     </span>
     <span class='ocr_line' id='line_1_17' title="bbox 180 2307 1182 2406; baseline 0 -28"><span class='ocrx_word' id='word_1_110' title='bbox 180 2309 301 2396; x_wconf 86' lang='lat' dir='ltr'><strong>rium,</strong></span> <span class='ocrx_word' id='word_1_111' title='bbox 331 2307 369 2380; x_wconf 93' lang='lat' dir='ltr'><strong>id</strong></span> <span class='ocrx_word' id='word_1_112' title='bbox 396 2322 451 2382; x_wconf 91' lang='lat' dir='ltr'><strong>est</strong></span> <span class='ocrx_word' id='word_1_113' title='bbox 478 2307 686 2381; x_wconf 89' lang='lat' dir='ltr'><strong>secundum</strong></span> <span class='ocrx_word' id='word_1_114' title='bbox 718 2321 887 2379; x_wconf 84' lang='lat' dir='ltr'><strong>veterum</strong></span> <span class='ocrx_word' id='word_1_115' title='bbox 917 2307 1182 2406; x_wconf 83' lang='lat' dir='ltr'><strong>magistrorum</strong></span> 
     </span>
     <span class='ocr_line' id='line_1_18' title="bbox 179 2424 1163 2524; baseline -0.001 -27"><span class='ocrx_word' id='word_1_116' title='bbox 179 2429 423 2514; x_wconf 87' lang='lat' dir='ltr'><strong>sententiam,</strong></span> <span class='ocrx_word' id='word_1_117' title='bbox 454 2449 538 2499; x_wconf 90' lang='lat' dir='ltr'><strong>cum</strong></span> <span class='ocrx_word' id='word_1_118' title='bbox 569 2425 616 2498; x_wconf 90' lang='lat' dir='ltr'><strong>ad</strong></span> <span class='ocrx_word' id='word_1_119' title='bbox 644 2426 784 2498; x_wconf 82' lang='lat' dir='ltr'><strong>vulnus</strong></span> <span class='ocrx_word' id='word_1_120' title='bbox 807 2424 1099 2524; x_wconf 86' lang='lat' dir='ltr'><strong>diaphragmatis</strong></span> <span class='ocrx_word' id='word_1_121' title='bbox 1123 2427 1163 2496; x_wconf 91' lang='lat' dir='ltr'><strong>in</strong></span> 
     </span>
     <span class='ocr_line' id='line_1_19' title="bbox 177 2542 1182 2634; baseline -0.002 -18"><span class='ocrx_word' id='word_1_122' title='bbox 177 2543 381 2618; x_wconf 90' lang='lat' dir='ltr'><strong>flammatio</strong></span> <span class='ocrx_word' id='word_1_123' title='bbox 406 2544 578 2634; x_wconf 83' lang='lat' dir='ltr'><strong>accessit3</strong></span> <span class='ocrx_word' id='word_1_124' title='bbox 600 2545 700 2617; x_wconf 89' lang='lat' dir='ltr'><strong>inter</strong></span> <span class='ocrx_word' id='word_1_125' title='bbox 717 2543 799 2616; x_wconf 88' lang='lat' dir='ltr'><strong>illas</strong></span> <span class='ocrx_word' id='word_1_126' title='bbox 825 2568 954 2616; x_wconf 87' lang='lat' dir='ltr'><strong>causas</strong></span> <span class='ocrx_word' id='word_1_127' title='bbox 972 2542 1046 2616; x_wconf 91' lang='lat' dir='ltr'><strong>hoc</strong></span> <span class='ocrx_word' id='word_1_128' title='bbox 1070 2544 1182 2616; x_wconf 85' lang='lat' dir='ltr'><strong>etiam</strong></span> 
     </span>
     <span class='ocr_line' id='line_1_20' title="bbox 179 2661 1183 2761; baseline -0.001 -28"><span class='ocrx_word' id='word_1_129' title='bbox 179 2663 333 2734; x_wconf 90' lang='lat' dir='ltr'><strong>nomine</strong></span> <span class='ocrx_word' id='word_1_130' title='bbox 354 2661 645 2761; x_wconf 82' lang='lat' dir='ltr'><strong>diaphragmatis</strong></span> <span class='ocrx_word' id='word_1_131' title='bbox 660 2687 814 2759; x_wconf 91' lang='lat' dir='ltr'><strong>quoque</strong></span> <span class='ocrx_word' id='word_1_132' title='bbox 830 2661 1020 2742; x_wconf 83' lang='lat' dir='ltr'><strong>laesionem</strong></span> <span class='ocrx_word' id='word_1_133' title='bbox 1035 2685 1183 2732; x_wconf 88' lang='lat' dir='ltr'><strong>connu-</strong></span> 
     </span>
     <span class='ocr_line' id='line_1_21' title="bbox 180 2777 1182 2878; baseline 0.002 -30"><span class='ocrx_word' id='word_1_134' title='bbox 180 2779 509 2878; x_wconf 81' lang='lat' dir='ltr'><strong>merabis&#39;Neque</strong></span> <span class='ocrx_word' id='word_1_135' title='bbox 536 2781 637 2852; x_wconf 89' lang='lat' dir='ltr'><strong>enim</strong></span> <span class='ocrx_word' id='word_1_136' title='bbox 663 2803 811 2876; x_wconf 88' lang='lat' dir='ltr'><strong>semper</strong></span> <span class='ocrx_word' id='word_1_137' title='bbox 840 2778 991 2876; x_wconf 89' lang='lat' dir='ltr'><strong>decepti</strong></span> <span class='ocrx_word' id='word_1_138' title='bbox 1016 2777 1071 2849; x_wconf 87' lang='lat' dir='ltr'><strong>illi</strong></span> <span class='ocrx_word' id='word_1_139' title='bbox 1102 2803 1182 2850; x_wconf 90' lang='lat' dir='ltr'><strong>cre-</strong></span> 
     </span>
     <span class='ocr_line' id='line_1_22' title="bbox 179 2893 1183 2992; baseline 0 -28"><span class='ocrx_word' id='word_1_140' title='bbox 179 2893 416 2984; x_wconf 67' lang='lat' dir='ltr'><strong>dendi‘sunt‚</strong></span> <span class='ocrx_word' id='word_1_141' title='bbox 432 2917 519 2966; x_wconf 89' lang='lat' dir='ltr'><strong>cum</strong></span> <span class='ocrx_word' id='word_1_142' title='bbox 547 2893 894 2992; x_wconf 89' lang='lat' dir='ltr'><strong>paraphrenitidem</strong></span> <span class='ocrx_word' id='word_1_143' title='bbox 920 2895 960 2963; x_wconf 87' lang='lat' dir='ltr'><strong>in</strong></span> <span class='ocrx_word' id='word_1_144' title='bbox 987 2893 1100 2989; x_wconf 91' lang='lat' dir='ltr'><strong>hujus</strong></span> <span class='ocrx_word' id='word_1_145' title='bbox 1126 2897 1183 2964; x_wconf 89' lang='lat' dir='ltr'><strong>in·</strong></span> 
     </span>
     <span class='ocr_line' id='line_1_23' title="bbox 177 3001 1180 3109; baseline -0.001 -27"><span class='ocrx_word' id='word_1_146' title='bbox 177 3009 430 3084; x_wconf 88' lang='lat' dir='ltr'><strong>flammatione</strong></span> <span class='ocrx_word' id='word_1_147' title='bbox 459 3035 671 3109; x_wconf 85' lang='lat' dir='ltr'><strong>agnovere:</strong></span> <span class='ocrx_word' id='word_1_148' title='bbox 693 3001 914 3108; x_wconf 84' lang='lat' dir='ltr'><strong>quanquam</strong></span> <span class='ocrx_word' id='word_1_149' title='bbox 937 3034 1016 3080; x_wconf 88' lang='lat' dir='ltr'><strong>non</strong></span> <span class='ocrx_word' id='word_1_150' title='bbox 1050 3035 1180 3082; x_wconf 88' lang='lat' dir='ltr'><strong>neces-</strong></span> 
     </span>
     <span class='ocr_line' id='line_1_24' title="bbox 179 3125 1182 3224; baseline -0.004 -22"><span class='ocrx_word' id='word_1_151' title='bbox 179 3130 276 3202; x_wconf 90' lang='lat' dir='ltr'><strong>sario</strong></span> <span class='ocrx_word' id='word_1_152' title='bbox 291 3129 358 3201; x_wconf 91' lang='lat' dir='ltr'><strong>has</strong></span> <span class='ocrx_word' id='word_1_153' title='bbox 371 3129 466 3200; x_wconf 88' lang='lat' dir='ltr'><strong>duas</strong></span> <span class='ocrx_word' id='word_1_154' title='bbox 484 3127 682 3224; x_wconf 83' lang='lat' dir='ltr'><strong>conjungi,</strong></span> <span class='ocrx_word' id='word_1_155' title='bbox 695 3152 715 3197; x_wconf 89' lang='lat' dir='ltr'><strong>a</strong></span> <span class='ocrx_word' id='word_1_156' title='bbox 727 3152 788 3197; x_wconf 91' lang='lat' dir='ltr'><strong>me</strong></span> <span class='ocrx_word' id='word_1_157' title='bbox 803 3127 873 3198; x_wconf 90' lang='lat' dir='ltr'><strong>tibi</strong></span> <span class='ocrx_word' id='word_1_158' title='bbox 889 3125 1044 3224; x_wconf 88' lang='lat' dir='ltr'><strong>alias(1)</strong></span> <span class='ocrx_word' id='word_1_159' title='bbox 1056 3142 1182 3198; x_wconf 89' lang='lat' dir='ltr'><strong>osten·</strong></span> 
     </span>
     <span class='ocr_line' id='line_1_25' title="bbox 178 3242 1183 3343; baseline -0.003 -23"><span class='ocrx_word' id='word_1_160' title='bbox 178 3273 260 3320; x_wconf 91' lang='lat' dir='ltr'><strong>sum</strong></span> <span class='ocrx_word' id='word_1_161' title='bbox 281 3263 347 3320; x_wconf 90' lang='lat' dir='ltr'><strong>est.</strong></span> <span class='ocrx_word' id='word_1_162' title='bbox 366 3249 460 3318; x_wconf 89' lang='lat' dir='ltr'><strong>Nam</strong></span> <span class='ocrx_word' id='word_1_163' title='bbox 483 3269 608 3343; x_wconf 88' lang='lat' dir='ltr'><strong>neque</strong></span> <span class='ocrx_word' id='word_1_164' title='bbox 636 3267 681 3314; x_wconf 86' lang='lat' dir='ltr'><strong>ex</strong></span> <span class='ocrx_word' id='word_1_165' title='bbox 704 3242 997 3340; x_wconf 87' lang='lat' dir='ltr'><strong>diaphragmatis</strong></span> <span class='ocrx_word' id='word_1_166' title='bbox 1025 3243 1183 3317; x_wconf 87' lang='lat' dir='ltr'><strong>vulnere</strong></span> 
     </span>
     <span class='ocr_line' id='line_1_26' title="bbox 151 3355 1184 3464; baseline -0.008 -25"><span class='ocrx_word' id='word_1_167' title='bbox 151 3367 156 3387; x_wconf 85' lang='lat'><strong><em>‘</em></strong></span> <span class='ocrx_word' id='word_1_168' title='bbox 179 3390 329 3464; x_wconf 83' lang='lat' dir='ltr'><strong>semper</strong></span> <span class='ocrx_word' id='word_1_169' title='bbox 344 3365 512 3436; x_wconf 89' lang='lat' dir='ltr'><strong>exoritur</strong></span> <span class='ocrx_word' id='word_1_170' title='bbox 520 3355 717 3435; x_wconf 88' lang='lat' dir='ltr'><strong>sardonius</strong></span> <span class='ocrx_word' id='word_1_171' title='bbox 730 3361 827 3432; x_wconf 89' lang='lat' dir='ltr'><strong>risus</strong></span> <span class='ocrx_word' id='word_1_172' title='bbox 839 3387 846 3429; x_wconf 93' lang='lat'>:</span> <span class='ocrx_word' id='word_1_173' title='bbox 860 3360 965 3457; x_wconf 92' lang='lat' dir='ltr'><strong>quod</strong></span> <span class='ocrx_word' id='word_1_174' title='bbox 984 3385 1069 3433; x_wconf 89' lang='lat' dir='ltr'><strong>cum</strong></span> <span class='ocrx_word' id='word_1_175' title='bbox 1084 3362 1184 3452; x_wconf 85' lang='lat' dir='ltr'><strong>aliae,</strong></span> 
     </span>
     <span class='ocr_line' id='line_1_27' title="bbox 178 3477 1184 3577; baseline -0.004 -21"><span class='ocrx_word' id='word_1_176' title='bbox 178 3499 260 3556; x_wconf 92' lang='lat' dir='ltr'><strong>tum</strong></span> <span class='ocrx_word' id='word_1_177' title='bbox 278 3481 360 3552; x_wconf 85' lang='lat' dir='ltr'><strong>duae</strong></span> <span class='ocrx_word' id='word_1_178' title='bbox 375 3494 674 3554; x_wconf 87' lang='lat' dir='ltr'><strong>commonstrant</strong></span> <span class='ocrx_word' id='word_1_179' title='bbox 692 3478 809 3550; x_wconf 91' lang='lat' dir='ltr'><strong>modo</strong></span> <span class='ocrx_word' id='word_1_180' title='bbox 833 3477 1034 3577; x_wconf 87' lang='lat' dir='ltr'><strong>propositae</strong></span> <span class='ocrx_word' id='word_1_181' title='bbox 1053 3478 1184 3552; x_wconf 91' lang='lat' dir='ltr'><strong>ohser-</strong></span> 
     </span>
     <span class='ocr_line' id='line_1_28' title="bbox 178 3593 1183 3696; baseline -0.003 -26"><span class='ocrx_word' id='word_1_182' title='bbox 178 3601 359 3671; x_wconf 87' lang='lat' dir='ltr'><strong>vationes.</strong></span> <span class='ocrx_word' id='word_1_183' title='bbox 393 3601 471 3670; x_wconf 89' lang='lat' dir='ltr'><strong>Nec</strong></span> <span class='ocrx_word' id='word_1_184' title='bbox 506 3613 631 3670; x_wconf 87' lang='lat' dir='ltr'><strong>tamen</strong></span> <span class='ocrx_word' id='word_1_185' title='bbox 659 3593 751 3669; x_wconf 79' lang='lat' dir='ltr'><strong>falso</strong></span> <span class='ocrx_word' id='word_1_186' title='bbox 781 3595 820 3666; x_wconf 91' lang='lat' dir='ltr'><strong>id</strong></span> <span class='ocrx_word' id='word_1_187' title='bbox 851 3593 1045 3696; x_wconf 87' lang='lat' dir='ltr'><strong>proditum</strong></span> <span class='ocrx_word' id='word_1_188' title='bbox 1070 3594 1183 3668; x_wconf 85' lang='lat' dir='ltr'><strong>fuisse</strong></span> 
     </span>
    </p>
   </div>
   <div class='ocr_carea' id='block_1_3' title="bbox 204 3969 537 4056">
    <p class='ocr_par' dir='ltr' id='par_1_3' title="bbox 204 3969 537 4056">
     <span class='ocr_line' id='line_1_29' title="bbox 204 3969 537 4056; baseline -0.009 -28"><span class='ocrx_word' id='word_1_189' title='bbox 204 3969 263 4056; x_wconf 89' lang='lat'><strong>(1)</strong></span> <span class='ocrx_word' id='word_1_190' title='bbox 285 3970 381 4047; x_wconf 86' lang='lat' dir='ltr'><strong>Epist.</strong></span> <span class='ocrx_word' id='word_1_191' title='bbox 394 3989 429 4042; x_wconf 83' lang='lat'><strong>7,</strong></span> <span class='ocrx_word' id='word_1_192' title='bbox 445 3988 476 4024; x_wconf 89' lang='lat' dir='ltr'><strong>n.</strong></span> <span class='ocrx_word' id='word_1_193' title='bbox 491 3976 537 4036; x_wconf 75' lang='grc'><strong>34.</strong></span> 
     </span>
    </p>
   </div>
   <div class='ocr_carea' id='block_1_4' title="bbox 0 0 1478 4662">
    <p class='ocr_par' dir='ltr' id='par_1_4' title="bbox 0 0 1478 4662">
     <span class='ocr_line' id='line_1_30' title="bbox 0 0 1478 4662; baseline 0 2"><span class='ocrx_word' id='word_1_194' title='bbox 0 0 1478 4662; x_wconf 95' lang='lat' dir='ltr'><strong> </strong></span> 
     </span>
    </p>
   </div>
  </div>
 </body>
</html>
