2854 4660
151 446 216 493 tn.
236 443 282 492 ιν.
304 437 499 490 nnnonsts
516 437 714 507 carruae„
733 419 802 492 ete.
818 442 935 494 nntsr.
956 449 1004 495 ιι.
1034 425 1102 525 371

107 559 191 634 olim
202 585 222 632 a
232 559 458 657 Berengario
474 558 527 655 (r)
540 560 713 668 appriupe
726 559 872 634 videbis
887 567 1106 652 convenire,

106 693 139 752 et
157 693 285 775 praeter
305 677 345 766 id
359 673 465 774 quod
483 674 531 746 ad
546 699 706 748 nervum
733 679 868 750 attinet
884 681 957 753 sub
974 705 1107 789 super-

106 796 186 868 cilio
212 795 417 884 reflexum,
441 795 550 890 cujus
570 794 761 866 laesionem
787 797 964 893 gravibus
989 799 1109 896 ipsam

106 937 253 1012 quoque
275 915 397 1012 excipi
420 911 732 995 convulsionibus
759 937 871 1012 supra
889 917 944 1012 (n)
965 917 1109 988 indica·

106 1045 180 1107 tum
197 1047 268 1120 est,
285 1028 401 1102 habet
412 1029 491 1104 tsaec
501 1029 715 1121 observatio
729 1029 807 1102 duo
822 1031 894 1105 alia
913 1033 1109 1129 inquibus

106 1147 292 1248 paulisper
309 1147 566 1223 subsistamus.
590 1150 765 1238 Quorum
795 1163 921 1223 tamen
952 1152 1113 1226 alterum

106 1264 197 1338 inira
207 1263 268 1365 (3)
285 1266 523 1338 commodius
536 1267 776 1364 attingemus.
794 1263 965 1338 Alterum
986 1283 1112 1342 autem

105 1384 150 1456 ad
168 1384 356 1462 celebrem
377 1383 480 1457 illam
495 1384 794 1456 controversiam
814 1386 947 1456 attinet
964 1386 1011 1458 de
1026 1412 1115 1462 cone
1209 1422 1210 1428 ¹

105 1501 300 1577 trafissura.
335 1509 365 1578 A
400 1527 476 1600 qua
505 1501 746 1601 agnoscenda
789 1502 992 1602 plerosque
1023 1506 1115 1579 olim

105 1624 195 1694 ratio
208 1621 386 1707 abduxit,
408 1618 559 1695 infirma
572 1625 877 1721 tumen‚-quippe
894 1623 942 1696 ab
962 1649 1006 1697 ea
1025 1649 1116 1723 pen·

105 1739 195 1814 dens
215 1755 434 1815 suturarum
457 1741 575 1812 cranii
595 1739 773 1828 utilitate,
794 1765 906 1837 quam
924 1741 1021 1814 duce
1043 1747 1116 1816 Ga·

105 1855 254 1954 lenum)
273 1855 508 1944 statuebant,
534 1843 641 1954 quasi
660 1871 792 1932 create
815 1873 940 1932 essent
957 1858 1004 1930 ad
1025 1885 1116 1956 pro-

106 1997 272 2071 gressum
290 1971 462 2050 fracturae
475 1954 749 2061 mhibenduin3
769 1997 856 2044 cum
873 1991 980 2071 aeque
1000 1999 1119 2052 acuo

105 2089 161 2166 bis
174 2091 255 2191 (5),
285 2093 373 2166 satis
390 2090 570 2166 omnibus
584 2104 682 2165 notae
711 2115 790 2162 esse
808 2093 955 2188 possint
977 2090 1118 2170 fissuras

106 2234 187 2307 quae
213 2211 263 2286 ab
282 2235 363 2285 uno
391 2211 558 2290 calvariae
578 2233 660 2282 osse
681 2210 720 2280 in
750 2208 872 2298 aliud,
892 2211 970 2281 imo
989 2212 1028 2284 in
1048 2213 1120 2286 alia

106 2325 207 2402 hand
232 2329 422 2404 rarissime
447 2352 488 2400 se
513 2326 745 2426 producunt.
770 2326 953 2404 obstabat
978 2331 1120 2429 pariter

107 2442 309 2528 difficultas
334 2448 456 2534 inre,
487 2447 518 2518 si
536 2469 668 2519 verum
688 2442 796 2518 fateri
809 2445 1009 2536 nolumus,
1040 2470 1120 2520 nou

107 2565 307 2663 itaplane,
332 2579 372 2646 et
397 2566 688 2663 perspicue‚,ut
716 2564 957 2661 acquiescere
986 2577 1120 2640 omues

108 2699 286 2784 possent,
309 2708 379 2782 per
398 2684 564 2759 rationes
594 2681 776 2780 quasdam
790 2697 826 2754 et
857 2682 1121 2760 similitudines

108 2799 344 2900 explicanda.
362 2805 503 2877 Verum
529 2801 599 2882 etsi
621 2799 786 2874 necdum
813 2801 966 2898 prolatae
996 2815 1121 2878 essent

108 2921 383 3018 explicationes
401 2943 484 3016 qua
496 2942 599 2992 nunc
614 2919 654 2990 in
668 2917 929 2994 dissertatione
940 2918 1121 3017 leguntur

109 3039 265 3136 Georgii
276 3034 410 3134 Wo'ltg.
424 3035 581 3110 Wedelii
601 3035 649 3106 de
663 3036 939 3131 Contrafissura
951 3035 1023 3132 (6);
1040 3061 1123 3110 non

109 3179 264 3253 aequum
280 3171 407 3227 tamen
433 3167 513 3226 erat
535 3169 601 3224 aut
628 3168 685 3225 est
714 3152 924 3249 quidquam
947 3151 1034 3224 ideo
1058 3177 1123 3225 ne·

117 3795 130 3806 ”
225 3808 270 3862 De
283 3825 329 3862 us.
344 3815 423 3904 pprt.
437 3807 457 3860 l.
472 3826 507 3880 9,
524 3823 549 3860 e.
567 3823 613 3877 17.

225 3907 322 3981 Epist.
336 3904 391 3973 δα,
407 3923 438 3960 n.
451 3903 489 3962 35
503 3915 533 3960 et
543 3903 593 3962 36.
715 3973 719 3980 ⁵
