2812 4656
286 433 358 510 alio
457 454 504 502 ns
529 449 677 500 sautans
701 451 746 498 aa
772 447 897 498 causis
923 449 1134 499 xonaoauu

281 574 412 672 pium,
449 591 529 638 non
560 563 796 637 attendentes
828 587 911 664 quae
945 563 1145 638 admonuit
1178 575 1303 640 Arana

280 693 356 763 tius
368 685 436 785 (1),
453 686 483 758 si
491 682 587 756 forte
599 682 639 754 id
650 681 807 754 feliciter
822 681 948 772 cedat,
961 684 1176 774 minimam,
1190 689 1306 784 quip=

280 833 328 908 pe
337 833 382 880 ex
397 830 437 878 rc
446 803 621 890 minima,
631 799 799 888 laudem,
812 823 987 899 magnam
996 826 1087 874 vero
1101 799 1302 876 infamiam

280 924 403 1022 sequi,
417 923 446 995 si
460 919 563 1018 quod
575 916 701 1006 facile,
712 932 749 989 et
764 941 860 1016 saepe
877 919 1079 1018 contingit,
1099 922 1195 994 mala
1209 947 1301 1021 gra·
1394 993 1395 1018 ,

196 1023 199 1030 ’
277 1043 428 1116 sissima
447 1064 492 1111 ex
508 1035 614 1108 faciei
630 1036 690 1106 vlel
706 1015 781 1106 levi
797 1035 1007 1108 irritatione
1035 1040 1296 1112 concitentur.

279 1161 402 1232 Faciei
421 1157 516 1244 dixi,
542 1169 585 1226 ut
612 1155 698 1251 qui,
726 1151 927 1226 tuberculo
955 1153 1185 1246 istiusmodi,
1212 1184 1299 1230 non
1394 1163 1395 1194 l

275 1281 351 1376 jam
367 1303 387 1350 e
404 1277 499 1364 nasi,
520 1287 583 1344 aut
597 1271 812 1359 labrorum,
843 1271 947 1343 sede
965 1270 1094 1345 buccae
1116 1293 1203 1348 cute
1222 1301 1299 1374 per

182 1439 189 1456 ·
278 1395 500 1492 chirurgum
517 1407 660 1464 temere
673 1390 864 1478 detracto,
880 1389 961 1464 leve
976 1390 1085 1464 ulcus
1099 1394 1294 1491 primum,

277 1511 344 1602 sed
360 1509 529 1608 quodatt
545 1508 757 1580 cicatricem
777 1507 866 1579 duci
884 1532 964 1580 non
977 1525 1122 1608 posset,
1133 1511 1171 1582 in
1190 1511 1294 1586 hene

276 1607 448 1726 alioquin
480 1627 626 1699 valente
658 1625 876 1715 sacerdote,
908 1628 1171 1726 conspexerim
1189 1629 1293 1704 deni·

277 1773 351 1847 que
377 1769 465 1818 cum
483 1769 685 1843 magnum,
706 1758 744 1816 et
762 1767 1006 1832 cancrosum,
1033 1760 1070 1817 et
1084 1747 1291 1821 insanabile

275 1869 352 1963 jam
369 1861 509 1938 lactum
527 1879 646 1934 totam
659 1863 812 1960 penitus
830 1861 1091 1960 absumpserat
1110 1863 1287 1955 buccam,

276 1998 320 2054 ut
336 1982 487 2054 nudem
505 2007 574 2079 per
590 1981 855 2052 acerbissimos
881 1981 1068 2054 cruciatus
1092 1983 1282 2057 occiderit.
1395 2025 1396 2030 =

280 2100 490 2198 Chirurgus
516 2091 642 2172 tamen
660 2095 774 2170 .ferro
803 2097 1043 2172 tuberculum
1078 2101 1283 2175 exciderat:

279 2218 385 2317 quod
406 2217 515 2305 dico,
544 2233 587 2289 ut
601 2218 728 2288 miuus
749 2216 919 2305 mireris,
938 2219 969 2288 si
988 2217 1048 2290 vel
1068 2219 1192 2290 multo
1215 2245 1284 2292 am·

199 2363 202 2368 ·
275 2337 374 2436 plius
396 2359 617 2421 cancrosum
635 2335 743 2409 ulcus
762 2348 931 2406 secutum
954 2335 1090 2434 legeris
1109 2335 1184 2434 (a),
1202 2363 1283 2411 cum

276 2454 370 2526 alter
384 2453 585 2552 chirurgus
602 2450 709 2524 faciei
728 2475 926 2525 verrucam
949 2451 1128 2528 remediis
1147 2463 1283 2530 causti-
1316 2460 1319 2465 ’

275 2575 326 2642 cis
342 2571 549 2643 tollendam
566 2570 804 2668 suscepisset.

328 2715 384 2784 27.
404 2688 505 2778 Quid
519 2711 609 2760 vero
635 2702 921 2786 peranatomeu
950 2691 990 2760 in
1017 2693 1185 2778 recenti,
1211 2717 1285 2764 am·

276 2805 420 2906 ploque
442 2821 594 2878 tumore
612 2804 794 2894 viderim,
822 2805 1003 2895 buccam,
1023 2822 1060 2878 et
1084 2833 1169 2906 quae
1191 2809 1283 2882 iufra
1306 2866 1310 2882 .

276 2939 448 2996 mentum
458 2975 468 3014 ,
478 2939 515 2995 et
533 2923 739 2996 auriculam
755 2938 859 3013 sunt,
873 2940 1121 3023 occupantem
1134 2926 1212 3026 (3),
1223 2945 1284 3002 aut

275 3043 315 3114 in
333 3043 601 3142 alterominus
619 3039 781 3132 recenti,
799 3043 866 3140 qui
885 3067 1144 3141 pone-aurem
1166 3047 1283 3118 incre·

275 3176 379 3233 verat
387 3161 462 3257 (Δ),
477 3176 543 3232 aut
557 3159 725 3260 qualem,
743 3174 780 3231 et
790 3185 905 3257 quam
920 3160 1155 3238 induritiem
1177 3189 1280 3236 mora

274 3293 534 3352 transeuntem
556 3281 752 3349 materiam
772 3279 812 3348 in
831 3278 1003 3377 parotidc
1028 3280 1208 3379 glandula
1226 3283 1280 3354 iu·

314 3655 359 3734 (1)
378 3658 423 3713 De
437 3655 580 3712 tumorib.
594 3673 625 3730 p.
644 3675 674 3712 n.
688 3675 714 3712 c.
728 3655 765 3713 23
778 3665 808 3713 et
819 3656 868 3715 31.

313 3768 355 3852 (a)
377 3773 453 3847 Eph.
469 3773 509 3829 N.
523 3771 556 3827 C.
570 3781 648 3828 cent.
665 3769 696 3844 5,
714 3772 779 3830 obs.
794 3769 841 3830 35.

312 3885 355 3968 (3)
377 3887 472 3963 Epist.
484 3894 518 3958 4,
532 3905 563 3942 n.
578 3894 626 3954 at.

314 4003 358 4081 (4)
378 4005 474 4080 Epist.
489 4007 542 4070 tl,
557 4021 589 4057 n.
602 4002 631 4058 3.
