2816 5282
279 377 349 482 576
463 403 510 452 nu
536 394 752 450 sumansu
778 399 903 448 muns
929 401 1146 448 nonnosum

279 517 387 594 salvae
410 515 625 586 observatio
652 514 808 585 minime
834 516 1091 585 necessarium
1122 537 1209 586 esse
1241 509 1319 586 os-'·

280 634 412 707 tendit.
425 632 536 722 Quod
550 655 642 702 vero
655 629 700 700 ad
715 631 937 701 intestinum
951 632 1086 702 attinet
1095 631 1302 728 equicalce

281 767 530 854 perruptum,
547 747 720 820 conferre
751 771 836 818 cum
863 747 934 818 bac
956 750 1100 846 poteris
1119 747 1303 820 observa·

279 873 422 943 tionem
442 863 929 963 Krameri(1)inrhedario
948 865 996 936 ab
1013 865 1149 936 eadem
1164 889 1302 952 causa,

281 987 348 1062 sed
360 1010 483 1082 neque
502 983 636 1055 eodem
652 998 844 1080 tempore,
858 1007 984 1080 neque
1004 981 1206 1055 abeodem
1222 998 1304 1054 tan-

282 1118 364 1176 tum
378 1109 525 1176 interna
536 1101 686 1172 laesione
699 1114 871 1190 mortuo;
895 1100 967 1172 nisi
981 1097 1078 1172 forte
1097 1101 1164 1172 iiei
1185 1102 1305 1173 intes-

283 1224 356 1296 tini
371 1222 587 1320 ruptionem
607 1217 847 1290 tribuendam
867 1220 995 1316 potius
1012 1245 1227 1317 gaugraenae
1252 1222 1305 1290 iu-

286 1340 511 1413 testinorum
569 1336 797 1433 suspiceris,
847 1335 1176 1432 quemadmodum
1217 1363 1304 1410 cum

287 1457 496 1530 Helwichio
521 1452 577 1552 (a)
599 1453 826 1526 tribuendus
848 1453 911 1525 ille
941 1469 1044 1526 certe
1061 1469 1119 1527 est
1145 1457 1242 1547 coli,
1273 1472 1307 1530 et

287 1575 351 1646 ilei
375 1573 552 1671 sphacelo
572 1572 650 1667 jam
678 1569 925 1658 affectorum,
951 1571 1077 1645 hiatus
1096 1575 1137 1644 in
1163 1575 1308 1648 adoles·

289 1705 398 1764 cente
426 1689 708 1762 animadversus
736 1688 870 1762 diebus
895 1715 974 1760 non
1001 1692 1052 1761 ita
1078 1695 1216 1789 paucis
1246 1719 1307 1764 ex·

289 1811 429 1896 tincto,
444 1823 646 1908 postquam
665 1808 780 1880 herus
791 1823 962 1880 ventrem
981 1808 1119 1881 baculo
1140 1813 1307 1908 graviter

289 1942 536 2026 percusserat.
555 1925 627 1998 Sed
653 1925 712 1997 vel
739 1928 822 1998 sine
850 1925 927 2015 his,
958 1925 1076 1998 habes
1100 1929 1142 1997 in
1173 1930 1306 2028 Sepul-

289 2045 487 2142 chreto(3)
510 2069 589 2115 non
608 2042 725 2115 modo
746 2044 964 2116 intestinum
986 2045 1210 2142 jejunuma
1226 2049 1306 2119 vio-

208 2222 212 2230 .
292 2165 506 2242 lentissimis
541 2163 680 2260 pedum
709 2161 910 2234 insultibus
937 2165 977 2232 in
1009 2163 1191 2254 lumbos,
1224 2165 1308 2238 dor·

292 2305 454 2378 sumque
490 2282 667 2379 prostrati
699 2279 865 2352 hominis
896 2279 1139 2379 disruptum,
1176 2285 1247 2356 sed
1276 2297 1308 2356 et

291 2397 423 2488 ileum,
441 2413 479 2470 et
497 2400 609 2470 colon
625 2397 676 2468 ob
695 2397 1064 2470 vehementissimam
1091 2399 1309 2474 abdominis

167 2600 171 2608 Ι
293 2515 339 2587 ad
377 2515 523 2587 arboris
555 2515 973 2588 truncumallisionem
1011 2518 1050 2586 in
1087 2519 1216 2592 altero
1237 2519 1310 2618 (4),

294 2634 467 2730 quamvis
484 2637 632 2731 integro
650 2634 689 2703 in
706 2647 870 2732 utroque
890 2634 1112 2725 abdomine,
1132 2663 1218 2709 non
1236 2661 1311 2711 uuo

294 2751 381 2820 loco
394 2747 593 2847 perforata.
606 2751 694 2823 Noli
708 2767 834 2823 autem
846 2754 974 2824 mirari
985 2807 995 2842 ‚
1006 2754 1110 2850 quod
1127 2759 1311 2845 mulieris,

292 2867 374 2938 aliis
392 2892 411 2938 a
433 2893 493 2938 me
515 2868 648 2942 litteris
661 2868 716 2965 (ὅ)
734 2869 803 2940 tibi
820 2870 1035 2970 descriptae,
1064 2895 1153 2944 cum
1182 2859 1313 2948 fuisset

292 2986 429 3059 baculo
454 2985 644 3060 abdomen
670 3005 909 3085 percussum,
930 3005 967 3060 et
993 2994 1311 3090 symptomatibus

292 3107 472 3177 insecutis
486 3107 737 3203 gravissimis,
764 3109 844 3206 ipsa
868 3106 918 3178 de
941 3107 1058 3203 hujus
1076 3109 1220 3188 dolore
1238 3128 1311 3184 tau·

293 3221 495 3294 tummodo
524 3239 774 3320 quereretur,
796 3223 893 3295 nihil
919 3239 1046 3296 tamen
1072 3227 1230 3318 laesum,
1249 3255 1312 3302 ne·

294 3338 388 3410 dum
406 3354 561 3438 ruptum
572 3393 582 3428 ‚
595 3341 635 3410 in
646 3342 728 3436 ejus
744 3342 1174 3440 ventredeprebeusum
1189 3345 1308 3419 fuerit.

256 3579 259 3585 ’
365 3564 378 3642 )
399 3565 567 3621 Commerc.
583 3564 633 3624 cit.
647 3571 798 3635 an.17l.1,
813 3560 903 3622 hebd.
919 3567 973 3642 26,
990 3586 1021 3622 n.
1036 3585 1066 3624 a.

399 3659 476 3739 Eph.
489 3664 527 3722 N·
541 3665 576 3722 'C-
592 3665 657 3720 dec.
672 3665 703 3735 3,
717 3667 754 3722 A·
767 3683 787 3740 9
799 3677 829 3721 et
844 3685 896 3736 ιο,
915 3665 980 3724 obs.
998 3684 1067 3726 120.

399 3766 436 3820 In
449 3763 553 3832 Addit.
571 3763 610 3820 ad
621 3757 699 3822 hanc
717 3783 740 3820 s.
752 3766 818 3824 obs.
837 3764 896 3834 25„

398 3866 433 3921 L.
448 3849 480 3934 3,Ι
497 3840 736 3938 s.⁸id,obs.*!17.
894 3845 898 3854 ι

397 3964 493 4040 Epist.
506 3969 608 4039 d9‚11·
622 3964 651 4022 6.
720 3943 724 3952 ⁸

438 4091 475 4108 μ
