2872 4660
183 497 252 544 um.
280 493 337 545 ut.
366 495 412 544 us
439 491 576 542 uotum
595 495 767 561 vsumss,
792 494 902 544 miss.
931 499 1056 546 xtvm.
1096 475 1142 550 35

131 611 336 710 septimum
358 609 515 710 ejectum
530 662 539 696 ,
557 610 727 706 quamvis
744 633 785 680 eu
810 612 1089 708 magnitudine,
1107 629 1146 688 et

132 728 323 830 pendete,
341 743 384 800 ut
401 728 539 798 mirum
556 728 622 814 sit,
642 727 790 798 nudum
808 753 978 826 unquam
1001 733 1059 805 sui
1085 734 1144 804 in·

133 848 276 931 dicium
291 845 462 934 dedisse,
480 858 609 916 censet
630 859 755 916 tamen
776 844 826 916 ob
850 865 911 919 eas
935 873 1028 946 quas
1056 873 1145 947 pro-

133 963 226 1052 fert,
243 965 429 1053 rationes,
452 987 498 1036 ex
521 965 852 1062 conceptu'ortam
870 966 1038 1038 mulieris
1056 991 1145 1039 cum
1180 1001 1188 1014 ·

134 1106 276 1156 sunum
288 1097 413 1181 ageret
426 1081 783 1180 quinquagesimum
798 1097 994 1180 quartum,
1010 1106 1145 1184 nempe

135 1191 326 1300 tunoquo
344 1213 544 1272 menstruus
563 1201 827 1299 purgationes,
846 1201 941 1272 nihil
960 1203 1007 1273 ad
1028 1203 1066 1274 id
1083 1223 1146 1276 us

137 1339 210 1417 que
234 1333 384 1418 tempus
400 1318 624 1406 imminutae,
646 1325 803 1417 repente
833 1319 1045 1410 desierunt3
1077 1345 1147 1394 no·

135 1459 228 1524 num
243 1449 368 1511 autem
387 1434 509 1508 filium
524 1461 626 1507 enno
644 1435 812 1508 ediderat
829 1439 1145 1537 quinquagesimo
1181 1515 1183 1520 ,

133 1559 271 1656 primo.
304 1555 454 1646 Quibus
478 1555 610 1652 positis
633 1552 711 1625 duo
736 1552 890 1653 colligas
921 1557 1031 1628 licet..
1049 1557 1146 1629 Alte-¹

134 1699 237 1764 rum,
257 1673 457 1761 utvideas,
476 1695 523 1742 an
544 1671 634 1742 hinc
654 1675 774 1770 possis
798 1699 843 1744 ex
865 1673 989 1772 aliqua
1013 1675 1143 1748 saltem

133 1807 241 1893 parte
259 1791 464 1891 explicare,
482 1789 677 1888 quomodo
697 1789 857 1882 femina,
881 1792 927 1863 de
945 1819 1020 1890 qua
1041 1793 1145 1892 apud

133 1909 464 2008 Vallisnerium(1)
476 1909 706 2008 legeris,ipsa
717 1933 872 2008 quoque
883 1911 1038 1982 totidem
1053 1911 1148 1985 libe-

134 2055 268 2103 rorum
285 2050 435 2128 parens,
450 2027 797 2126 quorumultimum
811 2027 1036 2100 credebatur
1044 2053 1147 2102 anno

135 2145 416 2249 propemodum
446 2131 763 2243 quiuquagesimo
796 2147 1009 2249 pepepisse,
1045 2169 1147 2217 anno
1263 2139 1266 2147 ¹

136 2267 292 2340 demum
320 2263 597 2364 septuagesimo
630 2261 798 2334 secundo
830 2265 1043 2360 placentam
1069 2265 1143 2360 eje·
1181 2308 1185 2319 «

136 2387 246 2474 serit,
260 2383 308 2455 ad
323 2405 483 2480 eamque
500 2402 690 2453 annexum
700 2377 861 2452 frustum
871 2435 879 2468 ,
889 2379 992 2452 librae
1003 2381 1146 2480 pondo,

135 2499 460 2589 caenisiuformis,
487 2501 518 2571 si
534 2499 737 2597 quamdam
755 2500 794 2569 in
815 2523 962 2569 summo
980 2501 1144 2598 ‘excipias

136 2620 250 2693 ocelli
267 2617 567 2703 simiiitudinem,
588 2618 689 2686 intus
712 2635 802 2687 vero
831 2617 1017 2714 implexus
1043 2617 1149 2714 quasi

137 2737 335 2836 cujusdam
352 2737 643 2807 intestinorum:
674 2739 764 2804 item
790 2735 986 2832 quomodo
1012 2735 1080 2806 ulia
1093 2733 1148 2832 (s)

138 2857 209 2930 hac
227 2869 419 2955 postrema
438 2877 540 2925 auno
570 2853 712 2948 major,
737 2853 800 2923 cui
826 2853 915 2923 olim
945 2851 1148 2943 foecundus,

138 2994 243 3048 nunc
262 2976 400 3061 iterum
424 2987 617 3044 menstrua
641 2994 716 3040 uno
744 2986 856 3067 atque
885 2971 1002 3042 altero
1021 2987 1159 3045 mense
1199 3049 1201 3053 ,

139 3091 356 3179 redierant3
383 3113 471 3162 cum
495 3089 617 3160 multo
652 3087 844 3185 grandiori
876 3091 998 3160 carnis
1030 3087 1149 3163 frusto

141 3234 282 3300 uenas,⁸
302 3210 333 3282 si
355 3231 452 3279 verae
479 3219 607 3279 tamen
630 3229 733 3276 venae
761 3203 934 3294 fuerunt,
969 3229 1151 3306 suamque

143 3328 288 3401 tamdiu
317 3340 525 3425 potuerunt
555 3347 702 3396 servare
734 3320 911 3410 formam,
942 3325 1149 3398 excluserit.
1246 3319 1259 3338 '

145 3448 335 3528 Alterum,
358 3457 401 3514 ut
416 3441 542 3542 siquid
565 3438 662 3553 forte
683 3440 958 3536 ejusdemmodi
975 3467 1020 3514 ex
1039 3443 1152 3516 vidua
1270 3508 1275 3525 ,

146 3564 269 3663 aliqua
280 3561 340 3634 vel
359 3559 425 3633 diu
445 3575 531 3660 post
557 3559 681 3632 mariti
700 3559 847 3631 obitum
872 3559 1030 3657 prodeat
1046 3561 1156 3660 quod

147 3684 192 3755 ad
210 3706 306 3756 verae
329 3679 438 3751 molae
461 3693 635 3750 naturam
654 3676 821 3766 accedat,
850 3677 928 3749 imo
944 3703 1031 3750 vera
1053 3680 1153 3752 mola

994 3854 1147 3882 w

188 3963 231 4045 (1)
250 3967 336 4022 Tom.
352 3984 369 4022 s
386 3965 437 4022 cit.
451 3983 483 4044 p.
497 3979 530 4036 2,
544 3982 570 4020 c.
584 3959 682 4020 ultim.

75 4053 81 4066 ’
187 4065 230 4142 (2)
249 4067 325 4144 Eph.
338 4067 377 4125 N.
392 4061 426 4123 C.
441 4073 518 4123 cent.
533 4059 569 4136 6,
583 4061 650 4122 obs.
664 4067 713 4133 74.
