2828 4652
308 417 375 490 ns
471 441 517 486 nr
543 436 688 486 sumans
712 437 757 484 nr
782 434 906 485 causrs
931 427 1142 486 uonaornu

303 554 420 627 incisa
427 551 542 624 rubra
551 550 615 623 illa
625 549 865 638 membrana,
884 550 1202 647 quaeritemus,
1216 542 1315 636 nihil

305 670 411 770 quod
419 693 490 768 pro
505 667 653 741 cerebri
664 722 674 758 ,
687 665 864 740 cerebelli
873 681 911 740 et
921 667 1132 766 oblongatae
1140 665 1315 739 medullae

304 787 473 886 reliquiis
486 787 656 884 accipere
678 783 833 857 fortasse
851 809 1022 885 possem,
1037 786 1228 884 apparuit,
1241 785 1316 856 nisi

304 907 381 979 duo
402 905 510 1004 quasi
528 903 744 991 cornicula,
771 927 855 1001 quae
882 925 1023 993 crassa,
1044 903 1188 991 mollia,
1205 917 1243 973 et
1267 927 1316 973 ex

302 1024 423 1097 rubro
443 1020 570 1112 fusca,
585 1021 732 1120 singula
747 1021 787 1090 in
805 1021 962 1118 singulis
976 1020 1229 1104 anterioribus
1246 1018 1316 1092 ba·

305 1143 354 1218 sis
374 1141 492 1212 cranii
514 1137 695 1212 lateribus
716 1137 1006 1237 prominebant3
1027 1138 1186 1212 dissecta
1211 1138 1316 1210 enim

305 1274 443 1359 praeter
464 1273 684 1330 concretum
711 1258 955 1355 sanguinem,
972 1281 1165 1340 morosam
1180 1281 1317 1355 quam·

306 1376 394 1448 dam
421 1374 672 1448 ostendebant
703 1375 908 1446 materiam.
941 1375 992 1448 Iis
1020 1375 1226 1448 corniculis
1252 1375 1316 1446 illa

304 1495 400 1566 ossis
417 1490 551 1566 frontis
573 1517 659 1591 pars
682 1492 834 1565 suberat
860 1517 942 1590 quae
969 1490 1154 1566 fornicem
1182 1493 1317 1566 orbitas

304 1612 554 1712 posteriorem
572 1607 668 1682 lacit.
684 1613 781 1683 Nam
794 1611 962 1682 anterior
977 1611 1128 1702 deerat,
1144 1611 1317 1685 deerant·
1405 1601 1406 1660 ἕ

306 1757 382 1830 que
402 1730 584 1828 sincipitis
599 1752 703 1818 ossa,
723 1727 822 1801 etde
841 1752 924 1802 osse
939 1729 1110 1828 occipitis
1126 1729 1317 1828 quidquid

306 1873 386 1919 non
404 1862 459 1920 est
483 1862 569 1919 ante
587 1869 784 1946 magnum,
810 1845 917 1946 quod
936 1845 1085 1919 nullum
1113 1862 1318 1946 propterea

304 1965 368 2038 hic
387 1979 487 2056 erat,
504 1965 622 2064 ipsius
640 1962 820 2037 foramen.
840 1967 1070 2062 Temporum
1090 1981 1218 2041 autem
1233 1989 1318 2041 ossa

306 2099 414 2158 erant
427 2082 598 2182 quidem,
614 2081 679 2160 sed
694 2080 872 2153 deorsum
887 2083 928 2152 in
941 2081 1075 2175 latera,
1091 2098 1317 2156 retrorsum·
1406 2093 1407 2124 ³

308 2227 383 2300 que
398 2217 590 2299 protensa.
604 2193 661 2271 ld
678 2223 843 2297 quorum
856 2199 921 2270 illa
938 2198 1123 2272 foramina
1145 2226 1230 2300 quae
1251 2227 1317 2274 au·

309 2321 436 2392 ditorii
463 2299 731 2418 ingrediuntur
760 2318 890 2407 nervi,
918 2315 1057 2392 frustra
1084 2320 1246 2410 horum,
1274 2333 1317 2392 ut

308 2438 469 2511 aliorum
488 2438 628 2534 pariter
643 2436 683 2506 in
703 2435 774 2508 hac
792 2437 909 2510 cranii
921 2435 1136 2527 basi‚initia
1148 2439 1314 2536 quaesivi.

308 2558 510 2653 Minusque
527 2555 670 2626 ideirco
683 2556 840 2626 miratus
853 2579 955 2644 sum,
969 2568 1055 2628 eum
1066 2581 1154 2628 mox
1165 2557 1315 2645 oeulos,

309 2676 376 2773 qui
398 2677 471 2747 suis
494 2699 581 2746 cum
597 2671 788 2772 palpebris
806 2672 904 2746 bene
933 2689 1041 2746 erant
1069 2672 1315 2762 conformati,

306 2792 570 2891 inspectand0,
588 2792 735 2890 opticos
751 2813 889 2862 nervos
912 2793 1120 2890 aequojesse
1141 2793 1316 2892 gracilio-

307 2936 386 2998 res,
416 2925 452 2982 et
468 2913 567 2982 intra
589 2908 750 2998 orbitas,
783 2923 827 2980 ut
853 2909 975 2981 visum
999 2924 1073 2999 est,
1100 2910 1317 2992 desinentes

308 3027 565 3102 animadverti.
586 3028 860 3127 Tumlinguam
873 3029 1103 3128 preelongam
1120 3028 1214 3120 vidi,
1244 3054 1317 3101 neo

306 3173 377 3248 pro
406 3146 646 3246 longitudine
674 3148 760 3218 satis
786 3145 910 3220 latam.
940 3145 1208 3246 Respondebat
1237 3147 1318 3219 baec

306 3265 462 3336 maxillae
486 3261 680 3352 inferiori,
704 3263 810 3359 cujus
836 3287 880 3334 ea
908 3279 987 3336 erat
1016 3263 1236 3362 longitudo,
1271 3279 1318 3336 ut

304 3381 404 3452 ultra
423 3381 675 3478 superiorem,
691 3367 862 3478 quamvis
883 3380 946 3453 bic
961 3383 1061 3454 inter
1077 3380 1316 3454 descenden-

306 3495 398 3569 dum
410 3497 518 3569 valde
533 3499 572 3568 in
592 3499 781 3572 anteriora
794 3513 1032 3596 protensam,
1045 3523 1083 3572 se
1094 3515 1315 3572 antrorsum

306 3613 544 3704 extenderet3
574 3640 701 3714 neque
730 3631 856 3688 tamen
882 3617 963 3713 ejus
983 3632 1109 3716 partes
1137 3615 1315 3706 dextera,
1407 3595 1408 3606 ἵ

306 3747 343 3805 et
368 3733 516 3805 sinistra
541 3759 620 3832 quo
640 3737 757 3834 magis
784 3750 960 3807 amento
990 3733 1239 3825 recedebant,
1267 3759 1318 3807 eo

305 3851 445 3949 magis,
470 3867 512 3923 ut
526 3852 668 3943 solent,
683 3855 783 3926 inter
800 3877 839 3926 se
858 3852 1056 3927 distabant.
1077 3857 1208 3952 Itaque
1227 3853 1316 3925 lon-

244 4061 249 4072 ·
305 3970 388 4068 gius
408 3968 583 4070 quidem,
603 3970 669 4044 sed
682 3972 802 4046 multo
816 3993 932 4072 quam
945 3973 1165 4064 consuevit,
1182 3995 1318 4073 angus-
