2872 4660
289 429 338 506 90
456 429 502 474 DE
529 428 675 476 SEBIBUS
700 429 743 474 ET
769 427 893 475 CAUSlS
918 429 1128 476 Mousottttst

291 542 487 615 inculcatis
507 541 836 616 observationibus
858 543 1005 619 evellas.
1028 545 1161 640 Neque
1177 543 1298 629 enim,

290 662 347 732 uti
356 685 467 759 supra
474 659 780 752 indicabam,me
793 659 898 760 fugit,
910 663 1059 760 quoties
1069 661 1172 733 idem
1185 658 1301 732 luerit

196 864 197 870 ἵ
290 779 539 852 anteavisum:
555 781 720 876 quin,ut
730 795 860 856 catera
871 780 1043 879 exempla
1054 780 1303 866 omittam,ex

244 961 253 974 ..
290 897 457 972 historiis
473 899 589 999 paulo
603 897 776 998 δυτψ),
793 925 880 972 eum
898 903 997 972 uteri
1019 901 1304 972 contorsionem

289 1017 721 1106 memorarem,laudatis
729 1019 844 1090 altera
852 1017 922 1090 tibi
931 1018 1106 1117 preclare
1116 1017 1304 1106 ostendet,

291 1137 428 1234 quinto
445 1152 532 1234 post
539 1137 701 1234 ejectam
716 1139 933 1210 meconium
946 1135 1025 1223 die,
1045 1135 1208 1234 puellam
1223 1157 1306 1208 esse

292 1252 431 1326 editam
455 1269 624 1352 vegetam
648 1270 685 1328 et
704 1257 886 1329 vivacem.
914 1255 1062 1328 Scilicet
1087 1279 1168 1326 non
1187 1252 1306 1325 modo

295 1373 528 1470 compressio
539 1373 686 1470 aliqua,
702 1375 910 1472 praesertim
923 1374 1088 1460 ventris,
1113 1397 1217 1470 quae,
1236 1369 1309 1442 fce-

294 1503 356 1560 tus
380 1514 541 1588 corpore
559 1491 656 1562 male
674 1491 917 1592 complicem,
935 1517 1016 1563 nou
1035 1488 1189 1564 difficile
1209 1490 1310 1564 acci·

295 1607 368 1697 dit,
388 1608 453 1680 sed
469 1623 505 1680 et
521 1610 717 1698 stercoris,
735 1625 827 1684 tunc
841 1607 960 1685 ferme
971 1608 1170 1706 lluidi,aut
1186 1607 1312 1704 major
1424 1673 1425 1694 ,

296 1726 424 1824 eopia,
447 1738 511 1797 aut
528 1728 735 1798 acrimonia
753 1728 974 1801 intestinum
997 1725 1201 1815 irritando,
1230 1725 1311 1796 rim
1424 1737 1425 1802 l

296 1859 422 1942 potest
447 1838 620 1935 vincere,
640 1845 829 1918 modicam
862 1871 907 1918 eo
932 1859 1129 1944 tempore,
1154 1843 1312 1944 sphinc·

219 1999 222 2003 ·
296 1962 387 2033 teris
406 1963 647 2060 circumjecti.
664 1963 792 2056 Quid?
809 1963 915 2062 quod
934 1964 990 2036 vis
1006 1963 1070 2034 illa
1084 1988 1165 2034 nou
1183 1960 1311 2033 solum

297 2079 592 2179 ob·paralysim,
614 2105 748 2153 verum
766 2082 876 2154 etiam
893 2080 945 2154 ob
966 2103 1152 2154 summam
1169 2079 1313 2149 virium
1424 2081 1425 2096 ¹

298 2195 409 2271 foet-us
426 2195 683 2272 infirmitatem
715 2200 817 2272 nulla
846 2224 925 2272 esse
951 2199 1144 2272 interdum
1171 2185 1311 2296 potest.
1424 2203 1425 2254 ἶ

297 2317 400 2406 Quas
415 2318 514 2390 vires
532 2343 621 2389 mox
641 2333 766 2390 tamen
780 2342 908 2419 posse,
922 2333 965 2390 ut
982 2331 1072 2422 post
1083 2339 1313 2416 syncopem,
1424 2341 1425 2352 ¹

299 2431 509 2506 refocillato
527 2459 612 2506 cum
629 2451 748 2508 matre
766 2433 878 2524 foetu,
897 2461 1033 2536 magna
1052 2461 1098 2508 ex
1114 2449 1222 2538 parte
1233 2457 1314 2508 res·

302 2551 402 2640 titui,
419 2551 588 2625 medicos
601 2577 798 2652 nunquam
815 2553 988 2626 oblivisci
1005 2553 1132 2642 decet,
1157 2554 1226 2650 qui
1242 2575 1316 2624 no·

302 2669 374 2740 lint
395 2669 456 2740 vel
480 2669 527 2742 ab
554 2671 636 2744 aliis
658 2672 833 2772 pluribus
864 2669 1014 2745 indiciis
1035 2669 1131 2759 falli,
1155 2693 1240 2768 quae
1265 2669 1315 2742 ad
1424 2661 1425 2664 ¹

302 2801 497 2858 mortuum
530 2786 660 2860 foetum
684 2789 985 2890 dignoscendum
1017 2791 1183 2889 proponi
1215 2787 1316 2860 sole·

303 2903 405 2977 bant.
422 2907 604 3006 Exemplo
623 2909 669 2980 sit
691 2909 818 2980 nullus
837 2909 877 2979 in
898 2905 1069 2981 funiculo
1086 2905 1315 2993 umbilicali,

303 3024 381 3094 imo
406 3024 534 3098 nullus
561 3027 600 3097 in
623 3027 716 3099 loetu
739 3028 962 3098 arteriarum
991 3026 1132 3126 pulsus.
1158 3029 1316 3096 Certum

303 3141 469 3240 quidem'
481 3158 558 3232 est,
576 3142 707 3216 foetum
726 3145 872 3233 vivere,
890 3145 920 3217 si
934 3144 1066 3243 pulsus
1080 3167 1209 3215 revera
1228 3165 1317 3240 per·

285 3257 476 3360 'cipiatur
501 3267 661 3351 Revera,
690 3262 767 3338 dixi
775 3291 789 3350 ,·
815 3287 903 3333 nam
924 3261 1030 3360 quod
1047 3260 1241 3334 Lancisius
1258 3259 1317 3355 (α)

304 3380 345 3450 in
366 3403 516 3453 summo
547 3405 706 3480 procere
733 3381 911 3455 accidisse
930 3395 1078 3469 narrat,
1098 3394 1141 3452 ut
1158 3380 1198 3448 in
1212 3401 1318 3446 mor-

307 3499 364 3569 tui
378 3523 493 3598 carpo
519 3503 649 3572 nescio
666 3501 751 3598 quis
768 3501 920 3605 pulsum
940 3523 1019 3572 esse
1040 3495 1317 3583 contenderet,

307 3618 373 3715 qui
389 3643 577 3716 nusquam
593 3620 664 3692 nisi
679 3621 718 3690 in
739 3621 799 3692 sui
812 3619 929 3719 ipsius
946 3617 1071 3717 digitis
1087 3630 1192 3703 erat,
1213 3612 1317 3684 idem

292 3721 443 3810 ‘vereor
463 3763 511 3810 ne
540 3738 662 3810 multo
689 3735 835 3811 facilius
852 3737 1074 3836 contingere
1110 3719 1319 3832 aliquando

348 4020 390 4102 (1)
412 4025 449 4081 Ν.
476 4026 524 4101 39.
663 4051 665 4060 ¹
703 4023 748 4103 (a)
770 4026 815 4086 De
831 4023 923 4085 subit.
937 4034 1028 4084 mort.
1040 4024 1062 4080 l.
1079 4042 1111 4096 1,
1130 4021 1222 4096 ωδ,
1241 4041 1273 4078 n.
1288 4019 1320 4079 8.
