<?xml version="1.0" encoding="UTF-8"?>
<!DOCTYPE html PUBLIC "-//W3C//DTD XHTML 1.0 Transitional//EN"
    "http://www.w3.org/TR/xhtml1/DTD/xhtml1-transitional.dtd">
<html xmlns="http://www.w3.org/1999/xhtml" xml:lang="en" lang="en">
 <head>
  <title>
</title>
<meta http-equiv="Content-Type" content="text/html;charset=utf-8" />
  <meta name='ocr-system' content='tesseract 3.04.00' />
  <meta name='ocr-capabilities' content='ocr_page ocr_carea ocr_par ocr_line ocrx_word'/>
</head>
<body>
  <div class='ocr_page' id='page_1' title='image "./desedibusetcaus03adelgoog_0375.png"; bbox 0 0 2854 4660; ppageno 0'>
   <div class='ocr_carea' id='block_1_1' title="bbox 189 435 1128 544">
    <p class='ocr_par' dir='ltr' id='par_1_1' title="bbox 189 435 1128 544">
     <span class='ocr_line' id='line_1_1' title="bbox 189 435 1128 544; baseline 0.014 -41"><span class='ocrx_word' id='word_1_1' title='bbox 189 455 259 504; x_wconf 84' lang='lat' dir='ltr'>ma.</span> <span class='ocrx_word' id='word_1_2' title='bbox 271 451 319 504; x_wconf 77' lang='lat' dir='ltr'>lv.</span> <span class='ocrx_word' id='word_1_3' title='bbox 330 443 384 503; x_wconf 81' lang='lat' dir='ltr'>‘nn</span> <span class='ocrx_word' id='word_1_4' title='bbox 398 455 534 504; x_wconf 83' lang='lat' dir='ltr'>uoxms</span> <span class='ocrx_word' id='word_1_5' title='bbox 548 449 746 527; x_wconf 71' lang='lat' dir='ltr'>cerauno,</span> <span class='ocrx_word' id='word_1_6' title='bbox 764 435 832 506; x_wconf 86' lang='lat' dir='ltr'>etc.</span> <span class='ocrx_word' id='word_1_7' title='bbox 843 459 955 509; x_wconf 79' lang='lat' dir='ltr'>arrsr.</span> <span class='ocrx_word' id='word_1_8' title='bbox 975 465 1023 511; x_wconf 83' lang='lat' dir='ltr'>m.</span> <span class='ocrx_word' id='word_1_9' title='bbox 1051 438 1128 544; x_wconf 60' lang='grc' dir='ltr'>δὺς</span> 
     </span>
    </p>
   </div>
   <div class='ocr_carea' id='block_1_2' title="bbox 94 567 1174 3975">
    <p class='ocr_par' dir='ltr' id='par_1_2' title="bbox 108 567 1174 1380">
     <span class='ocr_line' id='line_1_2' title="bbox 109 567 1124 668; baseline 0.011 -26"><span class='ocrx_word' id='word_1_10' title='bbox 109 571 349 668; x_wconf 83' lang='lat' dir='ltr'>superiorem</span> <span class='ocrx_word' id='word_1_11' title='bbox 388 567 564 656; x_wconf 79' lang='lat' dir='ltr'><strong>faciente,</strong></span> <span class='ocrx_word' id='word_1_12' title='bbox 591 570 718 666; x_wconf 84' lang='lat' dir='ltr'>plures</span> <span class='ocrx_word' id='word_1_13' title='bbox 747 587 854 644; x_wconf 84' lang='lat' dir='ltr'>erant</span> <span class='ocrx_word' id='word_1_14' title='bbox 886 571 1124 653; x_wconf 68' lang='lat' dir='ltr'>fracturae</span> 
     </span>
     <span class='ocr_line' id='line_1_3' title="bbox 108 687 1126 786; baseline 0.008 -28"><span class='ocrx_word' id='word_1_15' title='bbox 108 687 231 758; x_wconf 88' lang='lat' dir='ltr'>latere</span> <span class='ocrx_word' id='word_1_16' title='bbox 252 687 407 759; x_wconf 85' lang='lat' dir='ltr'>dextero</span> <span class='ocrx_word' id='word_1_17' title='bbox 427 690 562 758; x_wconf 91' lang='lat' dir='ltr'>arteria</span> <span class='ocrx_word' id='word_1_18' title='bbox 582 713 664 784; x_wconf 88' lang='lat' dir='ltr'>quae</span> <span class='ocrx_word' id='word_1_19' title='bbox 692 713 760 786; x_wconf 89' lang='lat' dir='ltr'>per</span> <span class='ocrx_word' id='word_1_20' title='bbox 788 715 949 762; x_wconf 85' lang='lat' dir='ltr'>crassam</span> <span class='ocrx_word' id='word_1_21' title='bbox 979 699 1126 766; x_wconf 88' lang='lat' dir='ltr'>menin-</span> 
     </span>
     <span class='ocr_line' id='line_1_4' title="bbox 109 806 1123 904; baseline 0.008 -26"><span class='ocrx_word' id='word_1_22' title='bbox 109 822 200 904; x_wconf 87' lang='lat' dir='ltr'>gem</span> <span class='ocrx_word' id='word_1_23' title='bbox 216 806 427 894; x_wconf 84' lang='lat' dir='ltr'><strong>diducitur,</strong></span> <span class='ocrx_word' id='word_1_24' title='bbox 460 808 644 893; x_wconf 89' lang='lat' dir='ltr'>lacerata,</span> <span class='ocrx_word' id='word_1_25' title='bbox 669 809 891 904; x_wconf 90' lang='lat' dir='ltr'>sanguinem</span> <span class='ocrx_word' id='word_1_26' title='bbox 919 809 1123 886; x_wconf 84' lang='lat' dir='ltr'><strong>effuderat:</strong></span> 
     </span>
     <span class='ocr_line' id='line_1_5' title="bbox 110 917 1125 1022; baseline 0.008 -27"><span class='ocrx_word' id='word_1_27' title='bbox 110 926 223 1020; x_wconf 88' lang='lat' dir='ltr'>cujus</span> <span class='ocrx_word' id='word_1_28' title='bbox 252 923 438 1022; x_wconf 85' lang='lat' dir='ltr'>coagulati</span> <span class='ocrx_word' id='word_1_29' title='bbox 475 917 592 994; x_wconf 65' lang='lat' dir='ltr'>unciae</span> <span class='ocrx_word' id='word_1_30' title='bbox 624 921 887 998; x_wconf 82' lang='lat' dir='ltr'>circiter&#39;duae</span> <span class='ocrx_word' id='word_1_31' title='bbox 912 930 1013 1000; x_wconf 91' lang='lat' dir='ltr'>inter</span> <span class='ocrx_word' id='word_1_32' title='bbox 1042 957 1125 1002; x_wconf 89' lang='lat' dir='ltr'>eam</span> 
     </span>
     <span class='ocr_line' id='line_1_6' title="bbox 111 1044 1125 1142; baseline 0.008 -30"><span class='ocrx_word' id='word_1_33' title='bbox 111 1044 329 1140; x_wconf 90' lang='lat' dir='ltr'>meningem</span> <span class='ocrx_word' id='word_1_34' title='bbox 357 1057 394 1112; x_wconf 89' lang='lat' dir='ltr'>et</span> <span class='ocrx_word' id='word_1_35' title='bbox 417 1065 459 1113; x_wconf 89' lang='lat' dir='ltr'>os</span> <span class='ocrx_word' id='word_1_36' title='bbox 482 1058 696 1140; x_wconf 88' lang='lat' dir='ltr'>petrosum,</span> <span class='ocrx_word' id='word_1_37' title='bbox 728 1046 1069 1142; x_wconf 83' lang='lat' dir='ltr'>conspiciebantur.</span> <span class='ocrx_word' id='word_1_38' title='bbox 1089 1055 1125 1120; x_wconf 90' lang='lat' dir='ltr'>Is</span> 
     </span>
     <span class='ocr_line' id='line_1_7' title="bbox 112 1159 1125 1264; baseline 0.006 -32"><span class='ocrx_word' id='word_1_39' title='bbox 112 1162 263 1258; x_wconf 91' lang='lat' dir='ltr'>sanguis</span> <span class='ocrx_word' id='word_1_40' title='bbox 281 1161 331 1231; x_wconf 90' lang='lat' dir='ltr'>ita</span> <span class='ocrx_word' id='word_1_41' title='bbox 346 1175 546 1232; x_wconf 89' lang='lat' dir='ltr'>concretus</span> <span class='ocrx_word' id='word_1_42' title='bbox 563 1159 857 1258; x_wconf 83' lang='lat' dir='ltr'>respondentem</span> <span class='ocrx_word' id='word_1_43' title='bbox 873 1165 1017 1236; x_wconf 85' lang='lat' dir='ltr'>cerebri</span> <span class='ocrx_word' id='word_1_44' title='bbox 1039 1193 1125 1264; x_wconf 89' lang='lat' dir='ltr'>par-</span> 
     </span>
     <span class='ocr_line' id='line_1_8' title="bbox 110 1279 1174 1380; baseline 0.007 -30"><span class='ocrx_word' id='word_1_45' title='bbox 110 1294 191 1350; x_wconf 90' lang='lat' dir='ltr'>tem</span> <span class='ocrx_word' id='word_1_46' title='bbox 213 1280 377 1360; x_wconf 80' lang='lat' dir='ltr'>laeserat,</span> <span class='ocrx_word' id='word_1_47' title='bbox 404 1293 447 1348; x_wconf 92' lang='lat' dir='ltr'>ut</span> <span class='ocrx_word' id='word_1_48' title='bbox 468 1279 576 1376; x_wconf 91' lang='lat' dir='ltr'>quasi</span> <span class='ocrx_word' id='word_1_49' title='bbox 594 1299 708 1350; x_wconf 82' lang='lat' dir='ltr'>erosae</span> <span class='ocrx_word' id='word_1_50' title='bbox 729 1281 846 1351; x_wconf 86' lang='lat' dir='ltr'>instar</span> <span class='ocrx_word' id='word_1_51' title='bbox 863 1301 1073 1380; x_wconf 87' lang='lat' dir='ltr'>appareret.</span> <span class='ocrx_word' id='word_1_52' title='bbox 1169 1285 1174 1301; x_wconf 55' lang='lat'>⁸</span> 
     </span>
    </p>

    <p class='ocr_par' dir='ltr' id='par_1_3' title="bbox 94 1397 1126 3975">
     <span class='ocr_line' id='line_1_9' title="bbox 164 1397 1126 1494; baseline 0.002 -22"><span class='ocrx_word' id='word_1_53' title='bbox 164 1397 222 1472; x_wconf 78' lang='lat'>38.</span> <span class='ocrx_word' id='word_1_54' title='bbox 247 1400 366 1468; x_wconf 89' lang='lat' dir='ltr'>Senex</span> <span class='ocrx_word' id='word_1_55' title='bbox 377 1421 497 1468; x_wconf 85' lang='lat' dir='ltr'>annos</span> <span class='ocrx_word' id='word_1_56' title='bbox 507 1412 617 1468; x_wconf 90' lang='lat' dir='ltr'>natus</span> <span class='ocrx_word' id='word_1_57' title='bbox 635 1399 842 1494; x_wconf 81' lang='lat' dir='ltr'>sexaginta,</span> <span class='ocrx_word' id='word_1_58' title='bbox 859 1399 906 1470; x_wconf 89' lang='lat' dir='ltr'>ab</span> <span class='ocrx_word' id='word_1_59' title='bbox 927 1400 1035 1473; x_wconf 92' lang='lat' dir='ltr'>hirco</span> <span class='ocrx_word' id='word_1_60' title='bbox 1055 1404 1126 1474; x_wconf 89' lang='lat' dir='ltr'>im-</span> 
     </span>
     <span class='ocr_line' id='line_1_10' title="bbox 109 1515 1124 1619; baseline 0.008 -33"><span class='ocrx_word' id='word_1_61' title='bbox 109 1516 273 1614; x_wconf 86' lang='lat' dir='ltr'>petitus,</span> <span class='ocrx_word' id='word_1_62' title='bbox 295 1516 492 1586; x_wconf 86' lang='lat' dir='ltr'>interram</span> <span class='ocrx_word' id='word_1_63' title='bbox 513 1515 673 1619; x_wconf 72' lang='lat' dir='ltr'>cadens,</span> <span class='ocrx_word' id='word_1_64' title='bbox 692 1531 838 1614; x_wconf 88' lang='lat' dir='ltr'>partem</span> <span class='ocrx_word' id='word_1_65' title='bbox 856 1519 988 1616; x_wconf 89' lang='lat' dir='ltr'>capitis</span> <span class='ocrx_word' id='word_1_66' title='bbox 1016 1523 1124 1594; x_wconf 81' lang='lat' dir='ltr'>sinis-</span> 
     </span>
     <span class='ocr_line' id='line_1_11' title="bbox 111 1633 1123 1735; baseline 0.008 -31"><span class='ocrx_word' id='word_1_67' title='bbox 111 1649 210 1704; x_wconf 83' lang='lat' dir='ltr'>tram</span> <span class='ocrx_word' id='word_1_68' title='bbox 228 1633 356 1704; x_wconf 86' lang='lat' dir='ltr'>allidit.</span> <span class='ocrx_word' id='word_1_69' title='bbox 371 1634 442 1704; x_wconf 90' lang='lat' dir='ltr'>Vix</span> <span class='ocrx_word' id='word_1_70' title='bbox 456 1633 643 1730; x_wconf 88' lang='lat' dir='ltr'>loquitur:</span> <span class='ocrx_word' id='word_1_71' title='bbox 664 1635 800 1704; x_wconf 81' lang='lat' dir='ltr'>vomit:</span> <span class='ocrx_word' id='word_1_72' title='bbox 818 1660 884 1707; x_wconf 93' lang='lat' dir='ltr'>ore</span> <span class='ocrx_word' id='word_1_73' title='bbox 901 1640 1123 1735; x_wconf 89' lang='lat' dir='ltr'>sanguinem</span> 
     </span>
     <span class='ocr_line' id='line_1_12' title="bbox 112 1752 1124 1851; baseline 0.005 -27"><span class='ocrx_word' id='word_1_74' title='bbox 112 1752 217 1847; x_wconf 86' lang='lat' dir='ltr'>ejicit</span> <span class='ocrx_word' id='word_1_75' title='bbox 236 1775 243 1820; x_wconf 77' lang='lat' dir='ltr'>r</span> <span class='ocrx_word' id='word_1_76' title='bbox 266 1752 415 1822; x_wconf 82' lang='lat' dir='ltr'>nulium</span> <span class='ocrx_word' id='word_1_77' title='bbox 444 1775 620 1822; x_wconf 88' lang='lat' dir='ltr'>sensuum</span> <span class='ocrx_word' id='word_1_78' title='bbox 642 1754 881 1822; x_wconf 90' lang='lat' dir='ltr'>internorum</span> <span class='ocrx_word' id='word_1_79' title='bbox 904 1754 1045 1851; x_wconf 69' lang='lat' dir='ltr'>praebet</span> <span class='ocrx_word' id='word_1_80' title='bbox 1065 1760 1124 1828; x_wconf 91' lang='lat' dir='ltr'>in·</span> 
     </span>
     <span class='ocr_line' id='line_1_13' title="bbox 112 1866 1122 1968; baseline 0.006 -28"><span class='ocrx_word' id='word_1_81' title='bbox 112 1870 277 1957; x_wconf 77' lang='lat' dir='ltr'>dicium,</span> <span class='ocrx_word' id='word_1_82' title='bbox 307 1883 440 1940; x_wconf 87' lang='lat' dir='ltr'>manus</span> <span class='ocrx_word' id='word_1_83' title='bbox 461 1868 689 1939; x_wconf 88' lang='lat' dir='ltr'>convulsivis</span> <span class='ocrx_word' id='word_1_84' title='bbox 712 1869 879 1942; x_wconf 88' lang='lat' dir='ltr'>motibus</span> <span class='ocrx_word' id='word_1_85' title='bbox 911 1866 1122 1968; x_wconf 77' lang='lat' dir='ltr'>agitantur:</span> 
     </span>
     <span class='ocr_line' id='line_1_14' title="bbox 110 1973 1123 2084; baseline 0.006 -26"><span class='ocrx_word' id='word_1_86' title='bbox 110 1987 226 2060; x_wconf 84' lang='lat' dir='ltr'>facies</span> <span class='ocrx_word' id='word_1_87' title='bbox 248 1988 383 2059; x_wconf 87' lang='lat' dir='ltr'>rubet:</span> <span class='ocrx_word' id='word_1_88' title='bbox 408 1973 536 2084; x_wconf 88' lang='lat' dir='ltr'>itaque</span> <span class='ocrx_word' id='word_1_89' title='bbox 565 1999 651 2084; x_wconf 91' lang='lat' dir='ltr'>post</span> <span class='ocrx_word' id='word_1_90' title='bbox 673 1984 833 2056; x_wconf 88' lang='lat' dir='ltr'>biduum</span> <span class='ocrx_word' id='word_1_91' title='bbox 850 1991 1023 2061; x_wconf 88' lang='lat' dir='ltr'>moritur.</span> <span class='ocrx_word' id='word_1_92' title='bbox 1054 1997 1123 2064; x_wconf 59' lang='lat' dir='ltr'>Ca*</span> 
     </span>
     <span class='ocr_line' id='line_1_15' title="bbox 94 2105 1122 2206; baseline 0.006 -31"><span class='ocrx_word' id='word_1_93' title='bbox 94 2107 201 2205; x_wconf 48' lang='lat' dir='ltr'>‘pitis</span> <span class='ocrx_word' id='word_1_94' title='bbox 230 2106 329 2177; x_wconf 84' lang='lat' dir='ltr'>laesio</span> <span class='ocrx_word' id='word_1_95' title='bbox 348 2106 447 2176; x_wconf 91' lang='lat' dir='ltr'>circa</span> <span class='ocrx_word' id='word_1_96' title='bbox 477 2105 710 2202; x_wconf 91' lang='lat' dir='ltr'>superiorem</span> <span class='ocrx_word' id='word_1_97' title='bbox 742 2106 950 2204; x_wconf 86' lang='lat' dir='ltr'>marginem</span> <span class='ocrx_word' id='word_1_98' title='bbox 977 2123 1122 2206; x_wconf 90' lang='lat' dir='ltr'>tempo-</span> 
     </span>
     <span class='ocr_line' id='line_1_16' title="bbox 109 2221 1121 2309; baseline 0.004 -15"><span class='ocrx_word' id='word_1_99' title='bbox 109 2224 201 2295; x_wconf 88' lang='lat' dir='ltr'>ralis</span> <span class='ocrx_word' id='word_1_100' title='bbox 226 2223 389 2296; x_wconf 89' lang='lat' dir='ltr'>musculi</span> <span class='ocrx_word' id='word_1_101' title='bbox 419 2223 575 2309; x_wconf 89' lang='lat' dir='ltr'>sinistri,</span> <span class='ocrx_word' id='word_1_102' title='bbox 607 2221 807 2293; x_wconf 87' lang='lat' dir='ltr'>videbatur</span> <span class='ocrx_word' id='word_1_103' title='bbox 837 2227 999 2296; x_wconf 89' lang='lat' dir='ltr'>exterius</span> <span class='ocrx_word' id='word_1_104' title='bbox 1020 2226 1121 2300; x_wconf 88' lang='lat' dir='ltr'>levis.</span> 
     </span>
     <span class='ocr_line' id='line_1_17' title="bbox 108 2341 1122 2418; baseline 0.005 -5"><span class='ocrx_word' id='word_1_105' title='bbox 108 2342 184 2415; x_wconf 87' lang='lat' dir='ltr'>Sed</span> <span class='ocrx_word' id='word_1_106' title='bbox 201 2357 284 2414; x_wconf 91' lang='lat' dir='ltr'>cute</span> <span class='ocrx_word' id='word_1_107' title='bbox 296 2341 462 2413; x_wconf 85' lang='lat' dir='ltr'>sublata:</span> <span class='ocrx_word' id='word_1_108' title='bbox 481 2342 512 2412; x_wconf 93' lang='lat' dir='ltr'>is</span> <span class='ocrx_word' id='word_1_109' title='bbox 534 2341 728 2411; x_wconf 88' lang='lat' dir='ltr'>musculus</span> <span class='ocrx_word' id='word_1_110' title='bbox 749 2355 851 2412; x_wconf 93' lang='lat' dir='ltr'>totus</span> <span class='ocrx_word' id='word_1_111' title='bbox 870 2343 1047 2416; x_wconf 83' lang='lat' dir='ltr'>inventus</span> <span class='ocrx_word' id='word_1_112' title='bbox 1068 2361 1122 2418; x_wconf 89' lang='lat' dir='ltr'>est</span> 
     </span>
     <span class='ocr_line' id='line_1_18' title="bbox 108 2458 1121 2560; baseline 0.002 -26"><span class='ocrx_word' id='word_1_113' title='bbox 108 2463 294 2559; x_wconf 87' lang='lat' dir='ltr'>sanguine</span> <span class='ocrx_word' id='word_1_114' title='bbox 310 2458 493 2533; x_wconf 81' lang='lat' dir='ltr'>suffusus:</span> <span class='ocrx_word' id='word_1_115' title='bbox 512 2459 740 2556; x_wconf 80' lang='lat' dir='ltr'>reclusaque</span> <span class='ocrx_word' id='word_1_116' title='bbox 754 2462 883 2529; x_wconf 89' lang='lat' dir='ltr'>cranio</span> <span class='ocrx_word' id='word_1_117' title='bbox 895 2513 904 2547; x_wconf 96' lang='lat'>,</span> <span class='ocrx_word' id='word_1_118' title='bbox 915 2487 993 2530; x_wconf 91' lang='lat' dir='ltr'>non</span> <span class='ocrx_word' id='word_1_119' title='bbox 1007 2485 1121 2560; x_wconf 87' lang='lat' dir='ltr'>parva</span> 
     </span>
     <span class='ocr_line' id='line_1_19' title="bbox 108 2577 1126 2679; baseline 0.001 -27"><span class='ocrx_word' id='word_1_120' title='bbox 108 2582 304 2677; x_wconf 86' lang='lat' dir='ltr'>sanguinis</span> <span class='ocrx_word' id='word_1_121' title='bbox 324 2579 494 2678; x_wconf 91' lang='lat' dir='ltr'>grumosi</span> <span class='ocrx_word' id='word_1_122' title='bbox 527 2577 659 2674; x_wconf 87' lang='lat' dir='ltr'>copia,</span> <span class='ocrx_word' id='word_1_123' title='bbox 699 2599 828 2648; x_wconf 85' lang='lat' dir='ltr'>crassae</span> <span class='ocrx_word' id='word_1_124' title='bbox 852 2578 1021 2677; x_wconf 85' lang='lat' dir='ltr'>ineningi</span> <span class='ocrx_word' id='word_1_125' title='bbox 1046 2593 1126 2679; x_wconf 86' lang='lat' dir='ltr'>qua</span> 
     </span>
     <span class='ocr_line' id='line_1_20' title="bbox 108 2695 1121 2796; baseline 0.003 -28"><span class='ocrx_word' id='word_1_126' title='bbox 108 2697 234 2769; x_wconf 91' lang='lat' dir='ltr'>eidem</span> <span class='ocrx_word' id='word_1_127' title='bbox 253 2696 510 2796; x_wconf 90' lang='lat' dir='ltr'>respondebat</span> <span class='ocrx_word' id='word_1_128' title='bbox 524 2695 698 2766; x_wconf 89' lang='lat' dir='ltr'>musculo</span> <span class='ocrx_word' id='word_1_129' title='bbox 713 2749 722 2782; x_wconf 95' lang='lat'>,</span> <span class='ocrx_word' id='word_1_130' title='bbox 751 2695 845 2768; x_wconf 85' lang='lat' dir='ltr'>adeo</span> <span class='ocrx_word' id='word_1_131' title='bbox 863 2699 1046 2769; x_wconf 89' lang='lat' dir='ltr'>tenaciter</span> <span class='ocrx_word' id='word_1_132' title='bbox 1059 2699 1121 2771; x_wconf 91' lang='lat' dir='ltr'>ad·</span> 
     </span>
     <span class='ocr_line' id='line_1_21' title="bbox 107 2813 1120 2944; baseline 0.005 -59"><span class='ocrx_word' id='word_1_133' title='bbox 107 2816 306 2904; x_wconf 87' lang='lat' dir='ltr'>haerentis,</span> <span class='ocrx_word' id='word_1_134' title='bbox 322 2831 364 2887; x_wconf 90' lang='lat' dir='ltr'>ut</span> <span class='ocrx_word' id='word_1_135' title='bbox 380 2815 452 2912; x_wconf 92' lang='lat' dir='ltr'>ipsi</span> <span class='ocrx_word' id='word_1_136' title='bbox 470 2829 655 2885; x_wconf 90' lang='lat' dir='ltr'>connatus</span> <span class='ocrx_word' id='word_1_137' title='bbox 672 2813 874 2944; x_wconf 48' lang='lat' dir='ltr'>videretur.</span> <span class='ocrx_word' id='word_1_138' title='bbox 891 2819 978 2886; x_wconf 85' lang='lat' dir='ltr'>Erat</span> <span class='ocrx_word' id='word_1_139' title='bbox 995 2833 1120 2890; x_wconf 88' lang='lat' dir='ltr'>autem</span> 
     </span>
     <span class='ocr_line' id='line_1_22' title="bbox 107 2930 1121 3018; baseline 0.003 -15"><span class='ocrx_word' id='word_1_140' title='bbox 107 2933 253 3005; x_wconf 87' lang='lat' dir='ltr'>ibidem</span> <span class='ocrx_word' id='word_1_141' title='bbox 267 2934 385 3004; x_wconf 91' lang='lat' dir='ltr'>cranii</span> <span class='ocrx_word' id='word_1_142' title='bbox 398 2930 583 3018; x_wconf 83' lang='lat' dir='ltr'>fractura,</span> <span class='ocrx_word' id='word_1_143' title='bbox 603 2957 688 3003; x_wconf 91' lang='lat' dir='ltr'>cum</span> <span class='ocrx_word' id='word_1_144' title='bbox 703 2933 929 3002; x_wconf 76' lang='lat' dir='ltr'>interiorum</span> <span class='ocrx_word' id='word_1_145' title='bbox 944 2959 1121 3006; x_wconf 85' lang='lat' dir='ltr'>vasorum</span> 
     </span>
     <span class='ocr_line' id='line_1_23' title="bbox 108 3050 1120 3151; baseline 0 -27"><span class='ocrx_word' id='word_1_146' title='bbox 108 3051 362 3149; x_wconf 83' lang='lat' dir='ltr'>disruptione.</span> <span class='ocrx_word' id='word_1_147' title='bbox 380 3053 526 3122; x_wconf 74' lang='lat' dir='ltr'>&#39;Verum</span> <span class='ocrx_word' id='word_1_148' title='bbox 556 3075 642 3120; x_wconf 92' lang='lat' dir='ltr'>cum</span> <span class='ocrx_word' id='word_1_149' title='bbox 673 3050 795 3120; x_wconf 90' lang='lat' dir='ltr'>eidem</span> <span class='ocrx_word' id='word_1_150' title='bbox 821 3053 1014 3148; x_wconf 86' lang='lat' dir='ltr'>meningi,</span> <span class='ocrx_word' id='word_1_151' title='bbox 1045 3079 1120 3151; x_wconf 88' lang='lat' dir='ltr'>qua</span> 
     </span>
     <span class='ocr_line' id='line_1_24' title="bbox 107 3167 1119 3266; baseline 0.001 -26"><span class='ocrx_word' id='word_1_152' title='bbox 107 3170 266 3242; x_wconf 87' lang='lat' dir='ltr'>dextero</span> <span class='ocrx_word' id='word_1_153' title='bbox 294 3174 408 3241; x_wconf 89' lang='lat' dir='ltr'>etiam</span> <span class='ocrx_word' id='word_1_154' title='bbox 427 3167 627 3266; x_wconf 90' lang='lat' dir='ltr'>temporali</span> <span class='ocrx_word' id='word_1_155' title='bbox 645 3168 819 3238; x_wconf 90' lang='lat' dir='ltr'>musculo</span> <span class='ocrx_word' id='word_1_156' title='bbox 841 3168 1119 3264; x_wconf 89' lang='lat' dir='ltr'>respondebat,</span> 
     </span>
     <span class='ocr_line' id='line_1_25' title="bbox 107 3275 1120 3384; baseline -0.001 -24"><span class='ocrx_word' id='word_1_157' title='bbox 107 3289 221 3384; x_wconf 89' lang='lat' dir='ltr'>copia</span> <span class='ocrx_word' id='word_1_158' title='bbox 240 3289 299 3360; x_wconf 89' lang='lat' dir='ltr'>vel</span> <span class='ocrx_word' id='word_1_159' title='bbox 317 3275 439 3384; x_wconf 83' lang='lat' dir='ltr'>major</span> <span class='ocrx_word' id='word_1_160' title='bbox 456 3286 626 3382; x_wconf 85' lang='lat' dir='ltr'>ejusdem</span> <span class='ocrx_word' id='word_1_161' title='bbox 647 3284 751 3355; x_wconf 92' lang='lat' dir='ltr'>modi</span> <span class='ocrx_word' id='word_1_162' title='bbox 782 3287 974 3382; x_wconf 88' lang='lat' dir='ltr'>sanguinis</span> <span class='ocrx_word' id='word_1_163' title='bbox 998 3288 1120 3360; x_wconf 71' lang='lat' dir='ltr'>adhae-</span> 
     </span>
     <span class='ocr_line' id='line_1_26' title="bbox 105 3383 1119 3502; baseline 0.002 -26"><span class='ocrx_word' id='word_1_164' title='bbox 105 3419 228 3494; x_wconf 81' lang='lat' dir='ltr'>reret,</span> <span class='ocrx_word' id='word_1_165' title='bbox 246 3430 370 3501; x_wconf 88' lang='lat' dir='ltr'>neque</span> <span class='ocrx_word' id='word_1_166' title='bbox 380 3405 442 3474; x_wconf 93' lang='lat' dir='ltr'>hic</span> <span class='ocrx_word' id='word_1_167' title='bbox 457 3383 534 3474; x_wconf 85' lang='lat' dir='ltr'>ulia</span> <span class='ocrx_word' id='word_1_168' title='bbox 550 3404 697 3474; x_wconf 83' lang='lat' dir='ltr'>ratione</span> <span class='ocrx_word' id='word_1_169' title='bbox 712 3427 732 3472; x_wconf 91' lang='lat' dir='ltr'>a</span> <span class='ocrx_word' id='word_1_170' title='bbox 746 3404 894 3474; x_wconf 89' lang='lat' dir='ltr'>sinistra</span> <span class='ocrx_word' id='word_1_171' title='bbox 911 3419 1015 3502; x_wconf 89' lang='lat' dir='ltr'>parte</span> <span class='ocrx_word' id='word_1_172' title='bbox 1028 3405 1119 3478; x_wconf 87' lang='lat' dir='ltr'>illuc</span> 
     </span>
     <span class='ocr_line' id='line_1_27' title="bbox 106 3505 1119 3622; baseline 0.002 -28"><span class='ocrx_word' id='word_1_173' title='bbox 106 3523 327 3622; x_wconf 88' lang='lat' dir='ltr'>pervenisse</span> <span class='ocrx_word' id='word_1_174' title='bbox 349 3505 492 3620; x_wconf 88' lang='lat' dir='ltr'>posset,</span> <span class='ocrx_word' id='word_1_175' title='bbox 517 3521 622 3592; x_wconf 84' lang='lat' dir='ltr'>nulla</span> <span class='ocrx_word' id='word_1_176' title='bbox 639 3535 765 3591; x_wconf 89' lang='lat' dir='ltr'>autem</span> <span class='ocrx_word' id='word_1_177' title='bbox 783 3523 901 3592; x_wconf 88' lang='lat' dir='ltr'>cranii</span> <span class='ocrx_word' id='word_1_178' title='bbox 916 3520 1081 3595; x_wconf 86' lang='lat' dir='ltr'>fractura</span> <span class='ocrx_word' id='word_1_179' title='bbox 1097 3551 1119 3596; x_wconf 94' lang='lat' dir='ltr'>a</span> 
     </span>
     <span class='ocr_line' id='line_1_28' title="bbox 105 3638 1118 3737; baseline -0.001 -25"><span class='ocrx_word' id='word_1_180' title='bbox 105 3640 251 3712; x_wconf 87' lang='lat' dir='ltr'>dextris</span> <span class='ocrx_word' id='word_1_181' title='bbox 275 3660 313 3710; x_wconf 91' lang='lat' dir='ltr'>se</span> <span class='ocrx_word' id='word_1_182' title='bbox 338 3639 540 3737; x_wconf 83' lang='lat' dir='ltr'>proderet:</span> <span class='ocrx_word' id='word_1_183' title='bbox 558 3638 667 3710; x_wconf 87' lang='lat' dir='ltr'>valde</span> <span class='ocrx_word' id='word_1_184' title='bbox 685 3663 728 3708; x_wconf 90' lang='lat' dir='ltr'>ea</span> <span class='ocrx_word' id='word_1_185' title='bbox 746 3661 806 3710; x_wconf 88' lang='lat' dir='ltr'>res</span> <span class='ocrx_word' id='word_1_186' title='bbox 830 3640 1007 3711; x_wconf 82' lang='lat' dir='ltr'>Valsalvae</span> <span class='ocrx_word' id='word_1_187' title='bbox 1026 3645 1118 3711; x_wconf 57' lang='lat' dir='ltr'>ani*</span> 
     </span>
     <span class='ocr_line' id='line_1_29' title="bbox 104 3756 1120 3855; baseline 0 -26"><span class='ocrx_word' id='word_1_188' title='bbox 104 3782 215 3829; x_wconf 88' lang='lat' dir='ltr'>mum</span> <span class='ocrx_word' id='word_1_189' title='bbox 236 3781 460 3854; x_wconf 91' lang='lat' dir='ltr'>suspensum</span> <span class='ocrx_word' id='word_1_190' title='bbox 494 3759 628 3855; x_wconf 85' lang='lat' dir='ltr'>tenuit.</span> <span class='ocrx_word' id='word_1_191' title='bbox 665 3760 760 3828; x_wconf 91' lang='lat' dir='ltr'>Nam</span> <span class='ocrx_word' id='word_1_192' title='bbox 788 3759 856 3827; x_wconf 88' lang='lat' dir='ltr'>etsi</span> <span class='ocrx_word' id='word_1_193' title='bbox 877 3756 1120 3853; x_wconf 89' lang='lat' dir='ltr'>postmodum</span> 
     </span>
     <span class='ocr_line' id='line_1_30' title="bbox 105 3871 1119 3975; baseline 0.002 -29"><span class='ocrx_word' id='word_1_194' title='bbox 105 3899 200 3946; x_wconf 92' lang='lat' dir='ltr'>cum</span> <span class='ocrx_word' id='word_1_195' title='bbox 228 3897 373 3946; x_wconf 88' lang='lat' dir='ltr'>osseam</span> <span class='ocrx_word' id='word_1_196' title='bbox 394 3875 584 3951; x_wconf 86' lang='lat' dir='ltr'>interioris</span> <span class='ocrx_word' id='word_1_197' title='bbox 610 3875 709 3946; x_wconf 87' lang='lat' dir='ltr'>auris</span> <span class='ocrx_word' id='word_1_198' title='bbox 737 3871 938 3962; x_wconf 87' lang='lat' dir='ltr'>fabricam,</span> <span class='ocrx_word' id='word_1_199' title='bbox 973 3877 1012 3946; x_wconf 91' lang='lat' dir='ltr'>in</span> <span class='ocrx_word' id='word_1_200' title='bbox 1043 3902 1119 3975; x_wconf 88' lang='lat' dir='ltr'>qua</span> 
     </span>
    </p>
   </div>
   <div class='ocr_carea' id='block_1_3' title="bbox 183 3993 977 4079">
    <p class='ocr_par' dir='ltr' id='par_1_4' title="bbox 183 3993 977 4118">
     <span class='ocr_line' id='line_1_31' title="bbox 183 3993 977 4079; baseline 0.016 -13"><span class='ocrx_word' id='word_1_201' title='bbox 183 3993 217 4066; x_wconf 88' lang='lat'>6.</span> <span class='ocrx_word' id='word_1_202' title='bbox 931 3997 977 4079; x_wconf 72' lang='lat'>24</span> 
     </span>
    </p>
   </div>
   <div class='ocr_carea' id='block_1_4' title="bbox 0 0 1432 4660">
    <p class='ocr_par' dir='ltr' id='par_1_5' title="bbox 0 0 1432 4660">
     <span class='ocr_line' id='line_1_32' title="bbox 0 0 1432 4660; baseline 0 2"><span class='ocrx_word' id='word_1_203' title='bbox 0 0 1432 4660; x_wconf 95' lang='lat' dir='ltr'> </span> 
     </span>
    </p>
   </div>
  </div>
 </body>
</html>
