2854 4660
147 93 213 142 rm.
233 93 282 142 rr.
302 92 349 144 rr
365 89 708 154 normscnrrune„
727 82 800 139 etc.
813 71 925 142 irrisis.
942 93 1005 140 nn.
1033 73 1100 156 411
1196 69 1202 84 '

92 229 183 279 osse
207 206 312 280 nulla
327 204 461 280 fissura
480 205 634 304 pervio,
663 229 685 280 a
709 207 950 302 percussione
980 220 1106 280 tamen

92 327 231 426 eapitis
241 325 363 398 vitiari
379 321 525 422 aliquid
534 323 632 398 iutra
646 323 817 399 cranium
834 346 961 420 posse,
981 347 1025 394 ex
1045 347 1106 402 eo-

96 467 181 542 que
193 444 287 516 vitio
301 457 461 522 mortem
478 441 580 514 oriri.
592 437 689 520 Nam
704 465 787 538 quar
801 439 982 514 senihuio
997 442 1109 515 etiam

95 560 143 632 in
177 558 332 632 thorace
371 571 519 656 reperta
547 571 636 633 sunt
663 573 797 655 praeter
829 572 1001 660 naturam
1031 555 1109 630 ior-

95 691 199 754 tasse
218 674 280 754 iil-a
296 698 454 774 quoque.
467 673 569 750 eriis
586 698 668 772 quae
679 688 786 750 eraut
798 673 897 750 intra
910 674 1108 750 calvariam

94 793 306 892 originem,
325 806 388 866 aut
406 793 684 866 incrementum
707 783 895 878 habuere,
918 806 1024 890 parte
1040 792 1109 866 ali·

95 934 178 1010 qua
208 909 310 1008 pravi
336 907 476 980 ichoris
502 906 589 980 inde
621 907 660 978 in
688 907 881 980 thoracem
913 909 1110 996 translata,

92 1027 267 1124 bominis
283 1025 484 1124 prasertim
504 1023 681 1100 asthmati
695 1024 862 1102 obnoxii.
884 1026 956 1098 Sed
969 1042 1006 1102 et
1022 1051 1106 1100 mu-

98 1145 236 1220 lierem
254 1144 409 1218 menum
426 1166 472 1218 ex
488 1138 622 1216 frontis
638 1142 714 1218 ictu
737 1159 942 1232 mortuam,
964 1145 1004 1214 in
1023 1143 1108 1216 tho·

100 1263 209 1342 rotis?
220 1277 386 1365 utroque
406 1284 515 1348 carc,
538 1275 672 1360 praeter
697 1263 1017 1360 expectationem,
1040 1260 1108 1334 soe-

100 1379 191 1456 dam
212 1368 348 1479 aquarn
368 1377 565 1454 hahuisse:
589 1379 698 1474 cujus
718 1377 912 1453 historiam
940 1379 1108 1454 mulieris

98 1497 192 1571 alias
211 1496 257 1566 ad
278 1511 312 1568 te
329 1497 428 1568 inter
448 1516 513 1569 'eas
529 1497 675 1568 mittam
694 1523 781 1594 ,quae
799 1496 847 1570 ad
865 1497 1107 1578 claudicatio-

98 1639 191 1687 nem
213 1629 382 1714 spectant
409 1612 549 1710 (1).Ad
577 1612 676 1684 hanc
704 1615 957 1712 suspicionem
978 1640 1107 1692 ansam
1126 1615 1128 1622 ’

95 1732 193 1804 dant
206 1757 287 1830 quac
302 1731 399 1806 circa
410 1755 489 1802 non
508 1755 635 1802 rarum
648 1755 770 1830 pravae
786 1734 946 1804 materiae
958 1758 1003 1804 ex
1018 1757 1107 1831 per·

97 1873 212 1928 cusso
223 1849 352 1946 cranio
367 1849 406 1918 in
424 1846 621 1922 thoracem
637 1849 834 1921 transitum
852 1875 896 1924 ex
912 1849 1107 1938 Valsalvae,

96 1967 339 2064 aliorumque
379 1965 644 2045 observatione
675 1965 935 2045 adnotavimus
964 1967 1027 2064 (a).
1063 1972 1109 2046 Et
1162 2037 1165 2047 ,

99 2085 275 2182 quamvis
312 2086 491 2171 sciamus,
514 2082 580 2154 ubi
606 2084 652 2158 de
682 2084 924 2183 meningibus
948 2101 985 2158 et
1004 2111 1108 2158 cere·

94 2201 174 2280 bro
192 2203 329 2300 agitur,
349 2225 426 2273 non
456 2203 581 2276 minus
600 2203 876 2291 acrimoniam,
901 2227 1013 2300 quam
1042 2227 1107 2276 co-

97 2319 202 2422 piam
222 2317 365 2392 attendi
392 2320 511 2392 solere
539 2319 704 2400 laedentis
730 2320 921 2414 humoris3
955 2346 1033 2398 non
1051 2337 1107 2393 ta·

99 2461 190 2516 rnen
210 2437 464 2533 incongruum
482 2454 722 2534 promosset,
744 2437 810 2508 ubi
830 2437 942 2534 hujus
961 2438 1108 2536 pauxil-

99 2554 222 2626 lulum
244 2554 341 2624 intra
361 2568 597 2628 mortuorum
629 2555 825 2634 calvariam
853 2555 1108 2653 deprehendi-

98 2688 183 2754 tur,
201 2671 390 2744 iutertlnm
410 2671 539 2748 saitem
554 2673 756 2769 suspicari,
772 2673 948 2769 reliquias
960 2673 1004 2766 id
1027 2697 1106 2746 esse

99 2789 296 2886 aliquanto
314 2789 465 2886 majoris
484 2789 600 2886 copiae
620 2815 701 2892 quae
710 2805 911 2888 postquam
928 2789 1010 2862 illas
1022 2814 1108 2886 par-

100 2921 159 2979 tes
179 2905 236 2976 vel
261 2907 378 3003 magis
399 2911 514 3002 quam
532 2921 729 3003 appareat,
755 2906 909 2994 laeserit,
932 2930 1019 2976 mox
1039 2930 1108 3004 per

103 3047 193 3095 vasa
211 3026 249 3094 in
268 3023 358 3095 alias
373 3024 541 3099 traducta
557 3025 619 3111 sit,
641 3038 705 3098 aut
716 3047 783 3122 per
796 3024 1011 3096 universum
1028 3048 1109 3096 cor·

102 3165 178 3240 pus
195 3139 382 3238 dispersa,
401 3139 620 3216 undeetiam
635 3167 679 3212 ex
696 3157 801 3240 parte
811 3141 1030 3215 universalis
1040 3165 1109 3240 pus

102 3258 264 3340 tredinis
284 3257 440 3344 indicia,
458 3274 494 3332 et
524 3283 674 3358 gravem
694 3260 930 3358 potissimum
949 3259 1108 3336 odorent

1009 3439 1111 3464 *mm

141 3541 189 3624 (1)
210 3543 302 3617 Epist.
321 3541 375 3612 56,
389 3561 419 3596 n.
434 3542 482 3598 26.

142 3638 186 3718 (a)
207 3641 300 3726 Epist.
319 3641 446 3726 praeced.
459 3639 494 3702 51
507 3679 521 3716 ,
535 3659 565 3698 n.
580 3659 614 3712 17
629 3653 659 3699 et
671 3660 734 3718 seq2

144 3708 153 3730 ⁸.
