2812 4656
249 538 256 568 ἱ
316 450 386 536 ²4²
507 465 553 512 ne
579 463 703 513 smnus
728 463 773 514 us
798 461 923 514 clusis
947 461 1158 514 nonnose!

314 582 462 682 pertita.
475 579 594 676 Magis
606 575 724 648 libers
742 591 840 664 erat,
861 576 968 652 etsie
992 579 1119 676 primo
1142 603 1254 654 secus
1275 581 1322 652 vi.

314 698 485 784 deretur,
507 719 621 794 quam
633 718 703 792 ego
723 694 776 766 sic
794 692 1000 770 observavi.

368 813 422 886 18.
442 811 605 904 Quidam
629 836 675 884 ex
701 811 764 897 iis,
803 833 969 908 quorum
999 811 1099 886 collo
1133 827 1173 886 et
1203 816 1321 912 capite

312 955 403 1011 usus
418 955 501 1006 sum
516 932 555 1002 in
573 928 727 1028 publica
736 943 911 1004 anatome
926 928 1146 1028 ann01750,
1159 955 1320 1030 parvum

312 1065 502 1127 tumorem
519 1047 567 1121 ad
578 1047 774 1122 sinistrum
781 1048 875 1122 ossis
884 1045 1035 1144 hyoidis
1050 1047 1146 1122 latus
1158 1047 1320 1148 gerebat

311 1184 442 1246 tumor
459 1191 528 1265 per
548 1166 812 1243 dissentionem
833 1166 994 1242 omniuo
1009 1165 1198 1255 detectus,
1226 1166 1320 1244 stab

310 1287 404 1360 laevo
422 1309 544 1358 cornu
560 1282 661 1356 illius
672 1285 782 1369 ossis,
792 1281 842 1359 ad
857 1283 963 1381 quod
974 1285 1137 1360 exterius
1149 1283 1320 1384 alligaba-

311 1419 394 1494 tur,
418 1401 584 1491 solutus,
612 1401 835 1500 hydatidum
862 1402 1051 1502 aggonem
1079 1417 1319 1501 representa-

310 1522 395 1608 bat,
412 1519 548 1592 ultimo
565 1519 672 1618 digiti
685 1520 833 1598 minimi
849 1519 1009 1596 articulo
1026 1545 1105 1595 non
1122 1522 1316 1617 majorem.

311 1639 385 1712 Sed
405 1639 506 1711 illius
521 1661 626 1710 oram
645 1661 732 1712 cum
759 1637 892 1714 leviter
911 1639 1182 1738 pupugissem,
1210 1638 1320 1712 turbi-

313 1756 528 1856 dulaquam
540 1755 783 1845 continebat,
803 1780 901 1854 aqua
921 1757 1045 1830 omnis
1058 1757 1246 1830 continuo
1259 1755 1317 1829 de-

314 1873 440 1965 fluxit,
453 1877 516 1947 vix
530 1875 716 1952 levissima
733 1876 928 1973 pressione
946 1873 1128 1950 adhibita.

315 2034 320 2047 ·
366 1994 592 2092 19..Initium
608 1993 735 2093 magni
751 1993 933 2081 tumoris,
962 1994 992 2068 si
1014 1991 1160 2070 diutius
1180 1993 1318 2066 vixisset

312 2112 453 2202 homo,
470 2111 544 2184 hoe
557 2109 666 2187 facile
676 2135 757 2184 esse
770 2113 977 2209 potuisset:
994 2133 1215 2208 quanquam
1229 2111 1315 2184 inter

314 2231 463 2328 eosqui
485 2230 709 2328 incipientes
729 2227 874 2318 adhuc,
906 2253 987 2304 nou
1014 2225 1236 2302 difficillime
1256 2225 1315 2300 sul·

313 2365 478 2433 vantur,
498 2346 569 2420 hos
585 2348 824 2446 potissimum
849 2369 986 2420 censeo
1008 2369 1089 2422 esse
1106 2345 1312 2446 ponendus:
1379 2373 1380 2417 i

314 2467 503 2564 hujusque
541 2462 696 2538 fortasse
725 2465 873 2563 generis
894 2462 1013 2542 fuisse
1042 2462 1179 2552 ciete,
1212 2485 1312 2564 quem
1341 2519 1344 2526 .
1378 2475 1379 2515 l

224 2633 228 2644 ·
313 2585 353 2658 in
367 2583 472 2681 carpi
485 2583 669 2656 exteriore
685 2597 791 2680 parte
806 2583 934 2656 uxoris
956 2605 1049 2657 mete
1063 2597 1219 2658 enatum
1233 2580 1314 2666 vidi,

312 2702 423 2777 nucis
442 2699 619 2772 avellanae
635 2697 774 2790 ferma,
797 2699 958 2789 duritie,
983 2715 1026 2776 et
1050 2699 1310 2799 magnitudine.
1375 2765 1376 2807 p

314 2822 408 2892 min
427 2819 530 2892 enim
550 2816 810 2893 hebdomadas
827 2818 973 2916 aliquot
986 2817 1222 2917 pertulisset,
1238 2837 1311 2890 eece
1374 2875 1375 2905 p

314 2959 426 3010 mane
458 2951 676 3034 experrecta
706 2950 857 3025 narrat,
886 2951 1073 3035 repentes
1088 2951 1125 3010 et
1149 2960 1199 3010 ex
1226 2950 1310 3019 toto,
1373 2979 1374 3003 i

313 3054 503 3131 nocteilla
515 3055 723 3128 evanuisse.
738 3057 837 3128 Vera
851 3052 1022 3142 dieebut,
1039 3069 1083 3127 ut
1100 3048 1225 3128 stetim
1238 3075 1309 3153 pen
1372 3057 1373 3101 l

314 3174 428 3273 spexi.
446 3177 533 3248 Non
551 3171 680 3248 multis
692 3163 818 3246 eutem
835 3170 1189 3268 interjectisdiebus
1200 3227 1211 3261 ‚
1222 3170 1308 3242 idem

312 3291 411 3367 redit
435 3305 585 3380 tumor,
609 3305 647 3364 et
664 3304 837 3388 tempore
863 3290 984 3362 multo
1013 3287 1180 3362 breviofi
1207 3291 1307 3364 inter·

311 3409 458 3507 posito,
474 3421 630 3505 repente
644 3409 782 3488 iterum
793 3409 1001 3497 evanescit,
1019 3433 1100 3483 non
1115 3407 1305 3486 rediturus,

313 3539 438 3596 cutem
450 3578 460 3611 ‚
472 3524 511 3594 id
529 3524 633 3620 quod
648 3526 754 3622 prius
769 3549 848 3596 non
863 3523 1069 3613 acciderat,
1097 3551 1141 3601 eo
1159 3525 1244 3598 loco
1261 3546 1304 3592 re·

309 3641 488 3739 linquens
504 3643 660 3730 minutis
677 3641 905 3740 quibusdam
936 3641 1139 3720 subrubris'
1160 3639 1303 3742 pustulis

311 3759 547 3848 distinctam,
571 3783 654 3856 quae
668 3760 783 3858 paulo
804 3774 890 3858 post
913 3761 1000 3858 ipsae
1023 3785 1178 3860 quoque
1191 3785 1256 3860 per
1272 3778 1302 3827 se

309 3875 447 3949 abiere.
462 3877 640 3948 AEstivum
656 3890 736 3948 erat
746 3891 913 3976 tempus,
930 3892 967 3953 et
974 3880 1108 3956 ceratis
1119 3903 1185 3956 use
1198 3875 1301 3952 luerat

310 3993 616 4094 quaeresolvuut3
636 3996 892 4091 etpressione‚
912 3996 1133 4075 cuiteoemm
1145 3995 1298 4072 tribuisse
