2812 4656
149 459 216 553 ada.
235 454 284 504 rr.
300 451 347 504 nn
359 445 497 503 nonnas
509 449 708 518 cerauno,
726 443 793 500 etc.
813 455 924 504 arrsr.
945 458 977 502 a.
1008 431 1078 506 223

84 559 236 670 cipiebat
259 583 410 658 sensus,
439 567 550 674 {altius
581 591 660 637 non
689 566 840 638 laeserat.
862 571 1081 642 Proximum

84 701 196 759 artum
224 686 407 774 secanda,
439 685 601 756 multum
624 685 697 756 seri
718 683 950 757 flavescentia
973 683 1082 757 effla*

84 807 148 894 xit,
176 805 281 904 quod
306 813 421 877 omne
443 805 483 874 iu
502 801 664 900 adiposae
689 801 920 875 membranae
939 803 1084 876 cellulis

86 923 298 996 substiterat.
308 927 446 994 Totum
462 939 617 1018 quoque
638 919 687 990 ab
705 919 840 992 endem
866 921 982 994 latere
997 923 1084 994 tho-

85 1041 172 1113 racis
181 1062 315 1112 carum
337 1037 613 1136 ejusdemmodi
633 1036 804 1136 replebat
823 1061 970 1126 serum,
987 1040 1083 1111 mul·

87 1160 128 1230 tis
158 1158 363 1255 interjectis
392 1154 701 1229 concretionibus
726 1154 894 1250 ejusdem
924 1157 1085 1246 coloris,

89 1275 208 1359 mediae
224 1285 352 1347 autem
377 1275 477 1346 inter
493 1271 819 1362 membranosam,
840 1286 877 1344 et
898 1271 1088 1369 galerano·
1207 1269 1208 1272 ’

88 1415 158 1464 sam
181 1403 347 1482 naturae,
369 1402 530 1491 quarum
551 1389 741 1489 pleraeque
761 1390 900 1488 pleurae
924 1391 1087 1463 adhaere·¹

89 1508 181 1583 hant.
198 1511 405 1584 Pulmones
431 1519 539 1581 erant
555 1506 650 1580 adeo
676 1509 861 1600 contracti
875 1561 885 1598 ,
902 1521 944 1580 ut
960 1510 1086 1607 primo

90 1637 232 1727 aspectu
249 1629 358 1728 quasi
371 1628 501 1700 deesse
517 1626 746 1698 viderentur.
770 1631 845 1698 Cor
875 1627 984 1698 valde
1008 1627 1086 1700 exi-

93 1763 212 1842 guum:
226 1752 433 1832 Caeterum,
456 1744 559 1843 quod
577 1743 625 1816 ad
639 1753 811 1816 ventrem
833 1747 982 1834 attinet,
1000 1768 1088 1816 ven·

94 1861 206 1936 uieult
235 1863 377 1936 fundus
401 1863 564 1934 multum
581 1863 672 1934 'erat
689 1872 885 1934 extensus:
904 1864 979 1934 lien
1001 1885 1088 1961 per*

94 2003 239 2078 parvus:
256 1984 367 2080 jecur
386 1980 590 2052 a'rtaturali
611 1980 739 2050 colore
756 1979 804 2050 ad
820 1977 967 2052 fuscum
986 1983 1090 2053 incli-

95 2119 199 2186 nans:
218 2101 301 2198 ejus
314 2098 478 2172 vesicula
498 2097 618 2184 exilis,
638 2111 675 2168 et
691 2098 824 2169 inanis.
845 2101 979 2170 Ovaria
997 2093 1090 2169 albi·

95 2215 233 2290 cabant:
250 2217 473 2316 etquamris
484 2205 694 2286 naturalem
707 2214 1095 2315 servarentfiguram,

95 2344 126 2406 et
141 2336 298 2424 molem,
315 2333 424 2406 valde
438 2343 565 2406 tamen
582 2334 842 2424 induruerant.

139 2451 167 2524 5.
182 2453 395 2526 Rondeletii
404 2452 706 2533 observationem
721 2507 731 2542 ,
750 2455 789 2523 in
800 2452 1090 2552 Sepulchretum

96 2570 254 2661 relatam,
277 2595 358 2643 non
379 2569 453 2641 hoc
479 2571 580 2660 loct),
608 2572 649 2641 in
677 2595 756 2668 quo
784 2589 832 2642 ne
859 2587 1094 2643 memoratur

97 2687 257 2782 quidem,
274 2688 339 2762 sed
353 2687 451 2759 libro
466 2691 501 2760 ll
513 2687 567 2786 (r)
582 2688 697 2787 leges,
707 2691 909 2787 propositae
919 2689 1089 2762 similem.

98 2807 136 2874 ln
149 2822 304 2906 utraque
323 2809 424 2878 enim
442 2825 645 2880 cancrosus
658 2808 823 2880 thoracis
839 2824 1020 2880 'externus
1033 2797 1094 2881 tu·

99 2941 195 3012 mor,
212 2922 412 2996 difficultas
431 2918 615 3023 spirandi,
633 2924 872 3022 multumque
890 2937 944 2997 est
956 2927 995 2995 in
1014 2925 1097 3003 thos

99 3061 174 3112 racc
199 3063 345 3114 serum:
366 3041 473 3142 quod
495 3041 624 3117 inilla
644 3060 771 3114 tamen
791 3045 1019 3114 succrevisse
1036 3058 1100 3114 tu³

100 3179 197 3232 more
215 3155 479 3249 decrescente,
506 3161 546 3230 in
566 3159 635 3231 hac
656 3177 782 3232 autem
802 3175 1011 3247 crescente,
1036 3183 1097 3232 os·

100 3277 211 3350 tendit
235 3291 385 3377 tempus
410 3301 488 3375 quo
516 3277 682 3350 ducendi
719 3277 871 3376 spiritus
896 3275 1097 3374 difficultas

101 3397 256 3468 accessit.
275 3398 398 3469 Faciet
415 3395 489 3468 hoc
509 3394 730 3486 discrimen,
749 3410 791 3467 ut
808 3381 889 3468 rem
904 3395 1099 3494 aliquanto

103 3509 202 3584 aliter
217 3516 257 3584 in
270 3514 331 3586 illa
349 3515 533 3613 explices,
549 3527 661 3612 atque
675 3515 716 3586 in
736 3514 807 3586 hac
825 3513 1098 3588 observatione.

104 3630 168 3700 Cui
189 3646 231 3703 ut
249 3633 444 3730 ,peculiare
469 3634 659 3733 estquod
692 3633 739 3705 ad
770 3657 941 3706 aerosum
971 3635 1104 3706 attinet

143 4001 184 4080 (ι)
205 4005 281 4066 Stet.
298 4027 331 4078 1,
349 4004 413 4067 obs.
427 4026 476 4082 7¹.
