<?xml version="1.0" encoding="UTF-8"?>
<!DOCTYPE html PUBLIC "-//W3C//DTD XHTML 1.0 Transitional//EN"
    "http://www.w3.org/TR/xhtml1/DTD/xhtml1-transitional.dtd">
<html xmlns="http://www.w3.org/1999/xhtml" xml:lang="en" lang="en">
 <head>
  <title>
</title>
<meta http-equiv="Content-Type" content="text/html;charset=utf-8" />
  <meta name='ocr-system' content='tesseract 3.04.00' />
  <meta name='ocr-capabilities' content='ocr_page ocr_carea ocr_par ocr_line ocrx_word'/>
</head>
<body>
  <div class='ocr_page' id='page_1' title='image "./desedibusetcaus03adelgoog_0048.png"; bbox 0 0 2872 4660; ppageno 0'>
   <div class='ocr_carea' id='block_1_1' title="bbox 238 345 1101 447">
    <p class='ocr_par' dir='ltr' id='par_1_1' title="bbox 238 345 1101 447">
     <span class='ocr_line' id='line_1_1' title="bbox 238 345 1101 447; baseline -0.003 -18"><span class='ocrx_word' id='word_1_1' title='bbox 238 345 309 447; x_wconf 56' lang='lat' dir='ltr'>&#39;lio</span> <span class='ocrx_word' id='word_1_2' title='bbox 429 381 475 426; x_wconf 78' lang='lat' dir='ltr'>nr:</span> <span class='ocrx_word' id='word_1_3' title='bbox 502 377 647 425; x_wconf 80' lang='lat' dir='ltr'>srnrrns</span> <span class='ocrx_word' id='word_1_4' title='bbox 672 379 716 424; x_wconf 78' lang='lat' dir='ltr'>ar</span> <span class='ocrx_word' id='word_1_5' title='bbox 742 378 866 428; x_wconf 75' lang='lat' dir='ltr'>ctosts</span> <span class='ocrx_word' id='word_1_6' title='bbox 892 379 1101 426; x_wconf 76' lang='lat' dir='ltr'>noasonoar</span> 
     </span>
    </p>
   </div>
   <div class='ocr_carea' id='block_1_2' title="bbox 259 491 1336 1536">
    <p class='ocr_par' dir='ltr' id='par_1_2' title="bbox 259 491 1336 1536">
     <span class='ocr_line' id='line_1_2' title="bbox 261 491 1270 592; baseline -0.004 -22"><span class='ocrx_word' id='word_1_7' title='bbox 261 497 497 570; x_wconf 88' lang='lat' dir='ltr'>Commercio</span> <span class='ocrx_word' id='word_1_8' title='bbox 512 495 693 568; x_wconf 90' lang='lat' dir='ltr'>litterario</span> <span class='ocrx_word' id='word_1_9' title='bbox 715 495 804 565; x_wconf 90' lang='lat' dir='ltr'>anni</span> <span class='ocrx_word' id='word_1_10' title='bbox 826 491 1110 592; x_wconf 70' lang='lat' dir='ltr'>1745(1),certe</span> <span class='ocrx_word' id='word_1_11' title='bbox 1121 508 1270 584; x_wconf 85' lang='lat' dir='ltr'>autem,</span> 
     </span>
     <span class='ocr_line' id='line_1_3' title="bbox 260 611 1271 711; baseline -0.002 -25"><span class='ocrx_word' id='word_1_12' title='bbox 260 617 302 686; x_wconf 91' lang='lat' dir='ltr'>ni</span> <span class='ocrx_word' id='word_1_13' title='bbox 314 613 439 702; x_wconf 87' lang='lat' dir='ltr'>fallor,</span> <span class='ocrx_word' id='word_1_14' title='bbox 460 639 541 711; x_wconf 87' lang='lat' dir='ltr'>quae</span> <span class='ocrx_word' id='word_1_15' title='bbox 554 639 573 684; x_wconf 91' lang='lat' dir='ltr'>a</span> <span class='ocrx_word' id='word_1_16' title='bbox 581 613 706 711; x_wconf 73' lang='lat' dir='ltr'>prael,</span> <span class='ocrx_word' id='word_1_17' title='bbox 718 612 811 684; x_wconf 92' lang='lat' dir='ltr'><strong>Phil.</strong></span> <span class='ocrx_word' id='word_1_18' title='bbox 827 611 1003 684; x_wconf 86' lang='lat' dir='ltr'>Conrado</span> <span class='ocrx_word' id='word_1_19' title='bbox 1020 611 1192 683; x_wconf 88' lang='lat' dir='ltr'>Fabricio</span> <span class='ocrx_word' id='word_1_20' title='bbox 1211 611 1271 710; x_wconf 76' lang='lat' dir='ltr'>(a)</span> 
     </span>
     <span class='ocr_line' id='line_1_4' title="bbox 259 729 1271 827; baseline -0.002 -23"><span class='ocrx_word' id='word_1_21' title='bbox 259 746 537 818; x_wconf 84' lang='lat' dir='ltr'><strong>memorantur,</strong></span> <span class='ocrx_word' id='word_1_22' title='bbox 559 731 634 802; x_wconf 88' lang='lat' dir='ltr'>sive</span> <span class='ocrx_word' id='word_1_23' title='bbox 652 753 729 800; x_wconf 92' lang='lat' dir='ltr'>non</span> <span class='ocrx_word' id='word_1_24' title='bbox 747 730 874 800; x_wconf 82' lang='lat' dir='ltr'>solutae</span> <span class='ocrx_word' id='word_1_25' title='bbox 898 729 1069 827; x_wconf 89' lang='lat' dir='ltr'>quidem,</span> <span class='ocrx_word' id='word_1_26' title='bbox 1095 729 1161 802; x_wconf 80' lang='lat' dir='ltr'>sed</span> <span class='ocrx_word' id='word_1_27' title='bbox 1179 753 1271 802; x_wconf 90' lang='lat' dir='ltr'>con·</span> 
     </span>
     <span class='ocr_line' id='line_1_5' title="bbox 259 847 1271 946; baseline -0.004 -24"><span class='ocrx_word' id='word_1_28' title='bbox 259 849 347 944; x_wconf 84' lang='lat' dir='ltr'>fuso</span> <span class='ocrx_word' id='word_1_29' title='bbox 370 849 504 921; x_wconf 87' lang='lat' dir='ltr'>ordine</span> <span class='ocrx_word' id='word_1_30' title='bbox 531 848 737 946; x_wconf 88' lang='lat' dir='ltr'>dispositae,</span> <span class='ocrx_word' id='word_1_31' title='bbox 763 863 805 918; x_wconf 92' lang='lat' dir='ltr'>ut</span> <span class='ocrx_word' id='word_1_32' title='bbox 833 873 916 946; x_wconf 86' lang='lat' dir='ltr'>quae</span> <span class='ocrx_word' id='word_1_33' title='bbox 940 873 961 918; x_wconf 88' lang='lat' dir='ltr'>a</span> <span class='ocrx_word' id='word_1_34' title='bbox 991 847 1035 920; x_wconf 87' lang='lat' dir='ltr'>el.</span> <span class='ocrx_word' id='word_1_35' title='bbox 1056 853 1200 944; x_wconf 81' lang='lat' dir='ltr'>Wogau</span> <span class='ocrx_word' id='word_1_36' title='bbox 1216 847 1271 945; x_wconf 72' lang='lat'>(3)</span> 
     </span>
     <span class='ocr_line' id='line_1_6' title="bbox 261 964 1273 1054; baseline -0.003 -14"><span class='ocrx_word' id='word_1_37' title='bbox 261 967 554 1054; x_wconf 88' lang='lat' dir='ltr'>describuntur;</span> <span class='ocrx_word' id='word_1_38' title='bbox 576 967 652 1038; x_wconf 86' lang='lat' dir='ltr'>sive</span> <span class='ocrx_word' id='word_1_39' title='bbox 671 964 826 1036; x_wconf 88' lang='lat' dir='ltr'>demum</span> <span class='ocrx_word' id='word_1_40' title='bbox 860 990 941 1038; x_wconf 80' lang='lat' dir='ltr'>uvae</span> <span class='ocrx_word' id='word_1_41' title='bbox 967 971 1084 1036; x_wconf 81' lang='lat' dir='ltr'>instar</span> <span class='ocrx_word' id='word_1_42' title='bbox 1107 990 1273 1037; x_wconf 86' lang='lat' dir='ltr'>racemo·</span> 
     </span>
     <span class='ocr_line' id='line_1_7' title="bbox 261 1075 1273 1180; baseline -0.004 -22"><span class='ocrx_word' id='word_1_43' title='bbox 261 1112 345 1158; x_wconf 81' lang='lat' dir='ltr'>rum</span> <span class='ocrx_word' id='word_1_44' title='bbox 362 1086 549 1171; x_wconf 76' lang='lat' dir='ltr'><strong>collectae,</strong></span> <span class='ocrx_word' id='word_1_45' title='bbox 575 1098 616 1154; x_wconf 89' lang='lat' dir='ltr'>ut</span> <span class='ocrx_word' id='word_1_46' title='bbox 635 1107 717 1180; x_wconf 83' lang='lat' dir='ltr'>quae</span> <span class='ocrx_word' id='word_1_47' title='bbox 741 1109 761 1156; x_wconf 92' lang='lat' dir='ltr'>a</span> <span class='ocrx_word' id='word_1_48' title='bbox 781 1083 825 1156; x_wconf 87' lang='lat' dir='ltr'>cl.</span> <span class='ocrx_word' id='word_1_49' title='bbox 853 1083 942 1156; x_wconf 87' lang='lat' dir='ltr'>viris</span> <span class='ocrx_word' id='word_1_50' title='bbox 960 1089 1017 1154; x_wconf 87' lang='lat' dir='ltr'>Jo.</span> <span class='ocrx_word' id='word_1_51' title='bbox 1039 1075 1273 1154; x_wconf 67' lang='lat' dir='ltr'>Sebast&#39;Al·</span> 
     </span>
     <span class='ocr_line' id='line_1_8' title="bbox 260 1199 1273 1308; baseline -0.003 -32"><span class='ocrx_word' id='word_1_52' title='bbox 260 1202 485 1298; x_wconf 60' lang='lat' dir='ltr'>brechtm),</span> <span class='ocrx_word' id='word_1_53' title='bbox 515 1217 551 1274; x_wconf 91' lang='lat' dir='ltr'>et</span> <span class='ocrx_word' id='word_1_54' title='bbox 575 1206 630 1272; x_wconf 89' lang='lat' dir='ltr'>Jo.</span> <span class='ocrx_word' id='word_1_55' title='bbox 664 1207 743 1308; x_wconf 69' lang='lat' dir='ltr'>dac.</span> <span class='ocrx_word' id='word_1_56' title='bbox 776 1200 1051 1300; x_wconf 83' lang='lat' dir='ltr'>Treyling(5):</span> <span class='ocrx_word' id='word_1_57' title='bbox 1084 1200 1190 1298; x_wconf 92' lang='lat' dir='ltr'>quod</span> <span class='ocrx_word' id='word_1_58' title='bbox 1225 1199 1273 1274; x_wconf 87' lang='lat' dir='ltr'>ad</span> 
     </span>
     <span class='ocr_line' id='line_1_9' title="bbox 260 1318 1336 1420; baseline -0.003 -28"><span class='ocrx_word' id='word_1_59' title='bbox 260 1345 381 1420; x_wconf 81' lang='lat' dir='ltr'>genus</span> <span class='ocrx_word' id='word_1_60' title='bbox 405 1318 480 1391; x_wconf 81' lang='lat' dir='ltr'>fere</span> <span class='ocrx_word' id='word_1_61' title='bbox 503 1344 635 1391; x_wconf 90' lang='lat' dir='ltr'>omnes</span> <span class='ocrx_word' id='word_1_62' title='bbox 661 1319 880 1418; x_wconf 75' lang='lat' dir='ltr'>spectabant</span> <span class='ocrx_word' id='word_1_63' title='bbox 907 1320 953 1392; x_wconf 93' lang='lat' dir='ltr'>de</span> <span class='ocrx_word' id='word_1_64' title='bbox 987 1318 1126 1416; x_wconf 91' lang='lat' dir='ltr'>quibus</span> <span class='ocrx_word' id='word_1_65' title='bbox 1156 1319 1271 1418; x_wconf 86' lang='lat' dir='ltr'>paulo</span> <span class='ocrx_word' id='word_1_66' title='bbox 1330 1360 1336 1376; x_wconf 90' lang='lat'><strong>·</strong></span> 
     </span>
     <span class='ocr_line' id='line_1_10' title="bbox 259 1436 1275 1536; baseline -0.002 -26"><span class='ocrx_word' id='word_1_67' title='bbox 259 1453 348 1510; x_wconf 82' lang='lat' dir='ltr'>ante</span> <span class='ocrx_word' id='word_1_68' title='bbox 363 1437 522 1508; x_wconf 88' lang='lat' dir='ltr'>relatum</span> <span class='ocrx_word' id='word_1_69' title='bbox 543 1451 608 1508; x_wconf 91' lang='lat' dir='ltr'>est.</span> <span class='ocrx_word' id='word_1_70' title='bbox 629 1436 686 1508; x_wconf 85' lang='lat' dir='ltr'>Ad</span> <span class='ocrx_word' id='word_1_71' title='bbox 706 1463 767 1510; x_wconf 88' lang='lat' dir='ltr'>me</span> <span class='ocrx_word' id='word_1_72' title='bbox 792 1461 947 1536; x_wconf 92' lang='lat' dir='ltr'>quoque</span> <span class='ocrx_word' id='word_1_73' title='bbox 969 1436 1084 1509; x_wconf 84' lang='lat' dir='ltr'>allatae</span> <span class='ocrx_word' id='word_1_74' title='bbox 1107 1453 1196 1510; x_wconf 89' lang='lat' dir='ltr'>sunt</span> <span class='ocrx_word' id='word_1_75' title='bbox 1215 1440 1275 1508; x_wconf 89' lang='lat' dir='ltr'>in·</span> 
     </span>
    </p>
   </div>
   <div class='ocr_carea' id='block_1_3' title="bbox 139 1550 1275 1654">
    <p class='ocr_par' dir='ltr' id='par_1_3' title="bbox 139 1550 1275 1654">
     <span class='ocr_line' id='line_1_11' title="bbox 139 1550 1275 1654; baseline 0 -27"><span class='ocrx_word' id='word_1_76' title='bbox 139 1550 142 1558; x_wconf 72' lang='grc'><strong>’</strong></span> <span class='ocrx_word' id='word_1_77' title='bbox 261 1555 414 1627; x_wconf 87' lang='lat' dir='ltr'>terdum</span> <span class='ocrx_word' id='word_1_78' title='bbox 443 1580 488 1625; x_wconf 83' lang='lat' dir='ltr'>ex</span> <span class='ocrx_word' id='word_1_79' title='bbox 514 1553 647 1626; x_wconf 91' lang='lat' dir='ltr'>eodem</span> <span class='ocrx_word' id='word_1_80' title='bbox 670 1580 807 1654; x_wconf 84' lang='lat' dir='ltr'>genere</span> <span class='ocrx_word' id='word_1_81' title='bbox 839 1555 1148 1654; x_wconf 72' lang='lat' dir='ltr'>quamplurimae,</span> <span class='ocrx_word' id='word_1_82' title='bbox 1180 1581 1275 1654; x_wconf 84' lang='lat' dir='ltr'>prae-</span> 
     </span>
    </p>
   </div>
   <div class='ocr_carea' id='block_1_4' title="bbox 225 1671 1277 2365">
    <p class='ocr_par' dir='ltr' id='par_1_4' title="bbox 225 1671 1277 2365">
     <span class='ocr_line' id='line_1_12' title="bbox 263 1671 1276 1774; baseline 0 -28"><span class='ocrx_word' id='word_1_83' title='bbox 263 1674 392 1746; x_wconf 88' lang='lat' dir='ltr'>sertim</span> <span class='ocrx_word' id='word_1_84' title='bbox 423 1673 663 1773; x_wconf 82' lang='lat' dir='ltr'>ann01716,</span> <span class='ocrx_word' id='word_1_85' title='bbox 698 1698 791 1771; x_wconf 90' lang='lat' dir='ltr'>quas</span> <span class='ocrx_word' id='word_1_86' title='bbox 821 1691 906 1774; x_wconf 90' lang='lat' dir='ltr'>post</span> <span class='ocrx_word' id='word_1_87' title='bbox 944 1671 1075 1746; x_wconf 85' lang='lat' dir='ltr'>foetum</span> <span class='ocrx_word' id='word_1_88' title='bbox 1110 1674 1276 1748; x_wconf 88' lang='lat' dir='ltr'>violenta</span> 
     </span>
     <span class='ocr_line' id='line_1_13' title="bbox 263 1794 1270 1890; baseline 0.002 -24"><span class='ocrx_word' id='word_1_89' title='bbox 263 1794 463 1866; x_wconf 83' lang='lat' dir='ltr'>abortione</span> <span class='ocrx_word' id='word_1_90' title='bbox 482 1796 673 1870; x_wconf 85' lang='lat' dir='ltr'>exclusum</span> <span class='ocrx_word' id='word_1_91' title='bbox 693 1797 923 1868; x_wconf 85' lang='lat' dir='ltr'>Veronensis</span> <span class='ocrx_word' id='word_1_92' title='bbox 944 1794 1080 1866; x_wconf 89' lang='lat' dir='ltr'>mulier</span> <span class='ocrx_word' id='word_1_93' title='bbox 1098 1795 1270 1890; x_wconf 85' lang='lat' dir='ltr'>ejecerat.</span> 
     </span>
     <span class='ocr_line' id='line_1_14' title="bbox 263 1914 1276 2012; baseline 0.002 -28"><span class='ocrx_word' id='word_1_94' title='bbox 263 1915 334 1984; x_wconf 88' lang='lat' dir='ltr'>Eas</span> <span class='ocrx_word' id='word_1_95' title='bbox 354 1914 465 1984; x_wconf 89' lang='lat' dir='ltr'>simul</span> <span class='ocrx_word' id='word_1_96' title='bbox 485 1939 573 1984; x_wconf 88' lang='lat' dir='ltr'>cum</span> <span class='ocrx_word' id='word_1_97' title='bbox 591 1938 637 1984; x_wconf 92' lang='lat' dir='ltr'>eo</span> <span class='ocrx_word' id='word_1_98' title='bbox 657 1915 722 2012; x_wconf 90' lang='lat' dir='ltr'>qui</span> <span class='ocrx_word' id='word_1_99' title='bbox 742 1914 916 2002; x_wconf 84' lang='lat' dir='ltr'>miserat,</span> <span class='ocrx_word' id='word_1_100' title='bbox 944 1914 1169 1988; x_wconf 86' lang='lat' dir='ltr'>Vallisnerio</span> <span class='ocrx_word' id='word_1_101' title='bbox 1190 1939 1276 1986; x_wconf 83' lang='lat' dir='ltr'>exa-</span> 
     </span>
     <span class='ocr_line' id='line_1_15' title="bbox 225 2030 1275 2131; baseline 0.005 -32"><span class='ocrx_word' id='word_1_102' title='bbox 225 2127 227 2131; x_wconf 20' lang='lat'><em>⁴</em></span> <span class='ocrx_word' id='word_1_103' title='bbox 263 2031 416 2101; x_wconf 88' lang='lat' dir='ltr'>minavi.</span> <span class='ocrx_word' id='word_1_104' title='bbox 444 2031 515 2104; x_wconf 89' lang='lat' dir='ltr'>Sed</span> <span class='ocrx_word' id='word_1_105' title='bbox 540 2031 590 2103; x_wconf 93' lang='lat' dir='ltr'>ob</span> <span class='ocrx_word' id='word_1_106' title='bbox 611 2030 806 2120; x_wconf 88' lang='lat' dir='ltr'>eamdem,</span> <span class='ocrx_word' id='word_1_107' title='bbox 834 2046 951 2130; x_wconf 89' lang='lat' dir='ltr'>puto,</span> <span class='ocrx_word' id='word_1_108' title='bbox 976 2058 1058 2130; x_wconf 86' lang='lat' dir='ltr'>quae</span> <span class='ocrx_word' id='word_1_109' title='bbox 1078 2031 1176 2104; x_wconf 88' lang='lat' dir='ltr'>dicta</span> <span class='ocrx_word' id='word_1_110' title='bbox 1199 2048 1275 2120; x_wconf 89' lang='lat' dir='ltr'>est,</span> 
     </span>
     <span class='ocr_line' id='line_1_16' title="bbox 265 2149 1277 2248; baseline 0.003 -29"><span class='ocrx_word' id='word_1_111' title='bbox 265 2172 435 2237; x_wconf 85' lang='lat' dir='ltr'>causam,</span> <span class='ocrx_word' id='word_1_112' title='bbox 455 2172 591 2246; x_wconf 86' lang='lat' dir='ltr'>nempe</span> <span class='ocrx_word' id='word_1_113' title='bbox 608 2149 772 2248; x_wconf 84' lang='lat' dir='ltr'>ingentis</span> <span class='ocrx_word' id='word_1_114' title='bbox 787 2150 864 2246; x_wconf 88' lang='lat' dir='ltr'>jam</span> <span class='ocrx_word' id='word_1_115' title='bbox 889 2168 971 2222; x_wconf 88' lang='lat' dir='ltr'>tum</span> <span class='ocrx_word' id='word_1_116' title='bbox 997 2149 1184 2245; x_wconf 87' lang='lat' dir='ltr'>ejusmodi</span> <span class='ocrx_word' id='word_1_117' title='bbox 1201 2149 1277 2222; x_wconf 90' lang='lat' dir='ltr'>bis·</span> 
     </span>
     <span class='ocr_line' id='line_1_17' title="bbox 265 2267 1276 2365; baseline 0.005 -29"><span class='ocrx_word' id='word_1_118' title='bbox 265 2267 448 2336; x_wconf 84' lang='lat' dir='ltr'>toriarum</span> <span class='ocrx_word' id='word_1_119' title='bbox 470 2267 639 2356; x_wconf 87' lang='lat' dir='ltr'>numeri,</span> <span class='ocrx_word' id='word_1_120' title='bbox 654 2291 740 2339; x_wconf 90' lang='lat' dir='ltr'>cum</span> <span class='ocrx_word' id='word_1_121' title='bbox 759 2269 838 2364; x_wconf 90' lang='lat' dir='ltr'>ipse</span> <span class='ocrx_word' id='word_1_122' title='bbox 854 2282 1001 2364; x_wconf 90' lang='lat' dir='ltr'>postea,</span> <span class='ocrx_word' id='word_1_123' title='bbox 1021 2269 1124 2365; x_wconf 94' lang='lat' dir='ltr'>quod</span> <span class='ocrx_word' id='word_1_124' title='bbox 1142 2271 1276 2358; x_wconf 90' lang='lat' dir='ltr'>sciam,</span> 
     </span>
    </p>
   </div>
   <div class='ocr_carea' id='block_1_5' title="bbox 240 2381 1278 3188">
    <p class='ocr_par' dir='ltr' id='par_1_5' title="bbox 240 2381 1278 3188">
     <span class='ocr_line' id='line_1_18' title="bbox 240 2381 1278 2486; baseline 0.006 -34"><span class='ocrx_word' id='word_1_125' title='bbox 240 2381 568 2454; x_wconf 89' lang='lat' dir='ltr'>·observati0nem</span> <span class='ocrx_word' id='word_1_126' title='bbox 592 2382 690 2455; x_wconf 90' lang='lat' dir='ltr'>hanc</span> <span class='ocrx_word' id='word_1_127' title='bbox 717 2399 797 2454; x_wconf 89' lang='lat' dir='ltr'>non</span> <span class='ocrx_word' id='word_1_128' title='bbox 823 2383 1006 2472; x_wconf 87' lang='lat' dir='ltr'>ediderit,</span> <span class='ocrx_word' id='word_1_129' title='bbox 1035 2411 1106 2485; x_wconf 85' lang='lat' dir='ltr'>ego</span> <span class='ocrx_word' id='word_1_130' title='bbox 1135 2388 1278 2486; x_wconf 87' lang='lat' dir='ltr'>pariter</span> 
     </span>
     <span class='ocr_line' id='line_1_19' title="bbox 265 2499 1278 2608; baseline 0.008 -36"><span class='ocrx_word' id='word_1_131' title='bbox 265 2501 558 2599; x_wconf 69' lang='lat' dir='ltr'>pretermittam.</span> <span class='ocrx_word' id='word_1_132' title='bbox 579 2499 725 2572; x_wconf 85' lang='lat' dir='ltr'>Addam</span> <span class='ocrx_word' id='word_1_133' title='bbox 743 2501 886 2600; x_wconf 91' lang='lat' dir='ltr'>potius,</span> <span class='ocrx_word' id='word_1_134' title='bbox 914 2503 1026 2608; x_wconf 87' lang='lat' dir='ltr'>quale</span> <span class='ocrx_word' id='word_1_135' title='bbox 1044 2505 1192 2576; x_wconf 87' lang='lat' dir='ltr'>initium</span> <span class='ocrx_word' id='word_1_136' title='bbox 1213 2532 1278 2580; x_wconf 88' lang='lat' dir='ltr'>ve·</span> 
     </span>
     <span class='ocr_line' id='line_1_20' title="bbox 268 2617 1277 2720; baseline 0.007 -31"><span class='ocrx_word' id='word_1_137' title='bbox 268 2617 437 2689; x_wconf 87' lang='lat' dir='ltr'>sicularis</span> <span class='ocrx_word' id='word_1_138' title='bbox 465 2617 573 2687; x_wconf 89' lang='lat' dir='ltr'>molae</span> <span class='ocrx_word' id='word_1_139' title='bbox 607 2619 647 2687; x_wconf 87' lang='lat' dir='ltr'>in</span> <span class='ocrx_word' id='word_1_140' title='bbox 685 2619 786 2692; x_wconf 89' lang='lat' dir='ltr'>canis</span> <span class='ocrx_word' id='word_1_141' title='bbox 822 2633 930 2691; x_wconf 86' lang='lat' dir='ltr'>utero</span> <span class='ocrx_word' id='word_1_142' title='bbox 960 2619 1277 2720; x_wconf 88' lang='lat' dir='ltr'>deprehenderim</span> 
     </span>
     <span class='ocr_line' id='line_1_21' title="bbox 269 2733 1278 2837; baseline 0.007 -29"><span class='ocrx_word' id='word_1_143' title='bbox 269 2759 370 2808; x_wconf 90' lang='lat' dir='ltr'>anno</span> <span class='ocrx_word' id='word_1_144' title='bbox 401 2733 516 2832; x_wconf 78' lang='lat'>17233</span> <span class='ocrx_word' id='word_1_145' title='bbox 545 2759 670 2833; x_wconf 85' lang='lat' dir='ltr'>neque</span> <span class='ocrx_word' id='word_1_146' title='bbox 704 2737 804 2807; x_wconf 89' lang='lat' dir='ltr'>enirn</span> <span class='ocrx_word' id='word_1_147' title='bbox 835 2751 891 2810; x_wconf 90' lang='lat' dir='ltr'>tot</span> <span class='ocrx_word' id='word_1_148' title='bbox 918 2753 1088 2837; x_wconf 89' lang='lat' dir='ltr'>prostant</span> <span class='ocrx_word' id='word_1_149' title='bbox 1114 2741 1278 2814; x_wconf 77' lang='lat' dir='ltr'>historia</span> 
     </span>
     <span class='ocr_line' id='line_1_22' title="bbox 271 2851 1277 2958; baseline 0.012 -35"><span class='ocrx_word' id='word_1_150' title='bbox 271 2852 379 2923; x_wconf 86' lang='lat' dir='ltr'>molae</span> <span class='ocrx_word' id='word_1_151' title='bbox 400 2851 677 2949; x_wconf 87' lang='lat' dir='ltr'>ejusdemmodi</span> <span class='ocrx_word' id='word_1_152' title='bbox 697 2853 736 2923; x_wconf 93' lang='lat' dir='ltr'>in</span> <span class='ocrx_word' id='word_1_153' title='bbox 752 2869 861 2928; x_wconf 86' lang='lat' dir='ltr'>utero</span> <span class='ocrx_word' id='word_1_154' title='bbox 876 2856 983 2948; x_wconf 83' lang='lat' dir='ltr'>visoe,</span> <span class='ocrx_word' id='word_1_155' title='bbox 1000 2875 1095 2956; x_wconf 92' lang='lat' dir='ltr'>quot</span> <span class='ocrx_word' id='word_1_156' title='bbox 1127 2861 1277 2958; x_wconf 79' lang='lat' dir='ltr'>ejectae3</span> 
     </span>
     <span class='ocr_line' id='line_1_23' title="bbox 268 2971 1277 3052; baseline 0.012 -11"><span class='ocrx_word' id='word_1_157' title='bbox 268 2971 391 3042; x_wconf 91' lang='lat' dir='ltr'>multo</span> <span class='ocrx_word' id='word_1_158' title='bbox 408 2985 532 3042; x_wconf 90' lang='lat' dir='ltr'>autem</span> <span class='ocrx_word' id='word_1_159' title='bbox 562 2973 724 3042; x_wconf 86' lang='lat' dir='ltr'>rariores</span> <span class='ocrx_word' id='word_1_160' title='bbox 752 2973 826 3044; x_wconf 89' lang='lat' dir='ltr'>sint</span> <span class='ocrx_word' id='word_1_161' title='bbox 854 2974 962 3046; x_wconf 83' lang='lat' dir='ltr'>molae</span> <span class='ocrx_word' id='word_1_162' title='bbox 979 2975 1029 3046; x_wconf 83' lang='lat' dir='ltr'>in</span> <span class='ocrx_word' id='word_1_163' title='bbox 1052 2975 1174 3050; x_wconf 89' lang='lat' dir='ltr'>brutis</span> <span class='ocrx_word' id='word_1_164' title='bbox 1194 2982 1277 3052; x_wconf 89' lang='lat' dir='ltr'>ani-</span> 
     </span>
     <span class='ocr_line' id='line_1_24' title="bbox 269 3087 1278 3188; baseline 0.013 -29"><span class='ocrx_word' id='word_1_165' title='bbox 269 3087 462 3160; x_wconf 91' lang='lat' dir='ltr'>mantibus</span> <span class='ocrx_word' id='word_1_166' title='bbox 487 3103 659 3187; x_wconf 88' lang='lat' dir='ltr'>oportet,</span> <span class='ocrx_word' id='word_1_167' title='bbox 686 3089 840 3188; x_wconf 89' lang='lat' dir='ltr'>quando</span> <span class='ocrx_word' id='word_1_168' title='bbox 867 3117 947 3164; x_wconf 89' lang='lat' dir='ltr'>non</span> <span class='ocrx_word' id='word_1_169' title='bbox 967 3094 1186 3169; x_wconf 83' lang='lat' dir='ltr'>Aristoteles</span> <span class='ocrx_word' id='word_1_170' title='bbox 1217 3123 1278 3172; x_wconf 91' lang='lat' dir='ltr'>so·</span> 
     </span>
    </p>
   </div>
   <div class='ocr_carea' id='block_1_6' title="bbox 374 3718 1177 3870">
    <p class='ocr_par' dir='ltr' id='par_1_6' title="bbox 374 3718 1177 3870">
     <span class='ocr_line' id='line_1_25' title="bbox 1045 3718 1053 3752; baseline 0 0"><span class='ocrx_word' id='word_1_171' title='bbox 1045 3718 1053 3752; x_wconf 73' lang='lat' dir='ltr'><strong>l</strong></span> 
     </span>
     <span class='ocr_line' id='line_1_26' title="bbox 374 3791 1177 3870; baseline 0.01 -22"><span class='ocrx_word' id='word_1_172' title='bbox 374 3796 538 3849; x_wconf 87' lang='lat' dir='ltr'>Commerc.</span> <span class='ocrx_word' id='word_1_173' title='bbox 551 3791 641 3848; x_wconf 88' lang='lat' dir='ltr'>litter.</span> <span class='ocrx_word' id='word_1_174' title='bbox 652 3811 699 3848; x_wconf 88' lang='lat' dir='ltr'>an.</span> <span class='ocrx_word' id='word_1_175' title='bbox 714 3793 804 3864; x_wconf 80' lang='lat'>1738,</span> <span class='ocrx_word' id='word_1_176' title='bbox 820 3793 910 3851; x_wconf 87' lang='lat' dir='ltr'>hebd.</span> <span class='ocrx_word' id='word_1_177' title='bbox 925 3795 975 3870; x_wconf 78' lang='lat'>28,</span> <span class='ocrx_word' id='word_1_178' title='bbox 989 3815 1018 3854; x_wconf 89' lang='lat' dir='ltr'>n.</span> <span class='ocrx_word' id='word_1_179' title='bbox 1037 3814 1049 3854; x_wconf 87' lang='lat'>1</span> <span class='ocrx_word' id='word_1_180' title='bbox 1065 3798 1096 3854; x_wconf 92' lang='lat' dir='ltr'>in</span> <span class='ocrx_word' id='word_1_181' title='bbox 1108 3797 1177 3860; x_wconf 82' lang='lat' dir='ltr'>fine.</span> 
     </span>
    </p>
   </div>
   <div class='ocr_carea' id='block_1_7' title="bbox 374 3905 838 3981">
    <p class='ocr_par' dir='ltr' id='par_1_7' title="bbox 374 3905 838 3981">
     <span class='ocr_line' id='line_1_27' title="bbox 374 3905 838 3981; baseline 0 -17"><span class='ocrx_word' id='word_1_182' title='bbox 374 3911 441 3964; x_wconf 84' lang='lat' dir='ltr'>Act.</span> <span class='ocrx_word' id='word_1_183' title='bbox 455 3909 493 3967; x_wconf 82' lang='lat' dir='ltr'>tt.</span> <span class='ocrx_word' id='word_1_184' title='bbox 509 3909 542 3965; x_wconf 88' lang='lat' dir='ltr'>C.</span> <span class='ocrx_word' id='word_1_185' title='bbox 556 3917 628 3965; x_wconf 84' lang='lat' dir='ltr'>tom.</span> <span class='ocrx_word' id='word_1_186' title='bbox 645 3905 676 3981; x_wconf 84' lang='lat'>5,</span> <span class='ocrx_word' id='word_1_187' title='bbox 693 3907 757 3965; x_wconf 87' lang='lat' dir='ltr'>obs.</span> <span class='ocrx_word' id='word_1_188' title='bbox 775 3909 838 3976; x_wconf 73' lang='lat'>134.</span> 
     </span>
    </p>
   </div>
   <div class='ocr_carea' id='block_1_8' title="bbox 0 0 1452 4660">
    <p class='ocr_par' dir='ltr' id='par_1_8' title="bbox 0 0 1452 4660">
     <span class='ocr_line' id='line_1_28' title="bbox 0 0 1452 4660; baseline 0 0"><span class='ocrx_word' id='word_1_189' title='bbox 0 0 1452 4660; x_wconf 95' lang='lat' dir='ltr'> </span> 
     </span>
    </p>
   </div>
   <div class='ocr_carea' id='block_1_9' title="bbox 1434 1355 1437 1983">
    <p class='ocr_par' dir='ltr' id='par_1_9' title="bbox 1434 1355 1437 1983">
     <span class='ocr_line' id='line_1_29' title="bbox 1434 1355 1437 1983; baseline 0 0"><span class='ocrx_word' id='word_1_190' title='bbox 1434 1355 1437 1983; x_wconf 95' lang='lat' dir='ltr'> </span> 
     </span>
    </p>
   </div>
  </div>
 </body>
</html>
