2828 4652
170 436 242 482 nm.
261 434 318 482 111.
346 433 394 480 nn
419 429 556 481 morters
581 432 753 497 vertrms,
779 433 890 482 nrrsr.
909 435 1035 483 xnvrn.
1067 412 1135 484 123

120 557 293 648 quotum
312 545 418 618 hunc
439 543 632 636 conferes,
651 545 851 632 cerebrum
868 545 1041 626 defuisse.
1063 551 1137 624 Ca.-

117 681 248 740 terom
265 681 302 738 et
317 663 412 736 mihi
422 687 525 736 anno
541 661 635 762 1735
647 660 782 736 foetum
797 665 937 742 Patavii
949 665 1136 763 inspicere
1156 650 1160 656 ’
1209 690 1212 700 ·

118 785 249 872 licuit,
274 805 401 856 secare
420 807 500 854 non
521 783 650 871 licuit,
671 782 780 879 eujus
806 781 905 872 huc,
925 797 1137 864 accuratea

121 925 187 973 me
214 915 307 974 tune
332 899 551 988 collectam,
580 898 777 986 historiam
806 899 942 973 addam
969 925 1056 975 oum
1085 898 1136 978 ob

119 1020 196 1092 alia
210 1019 259 1092 ad
272 1033 432 1091 matrem
449 1019 658 1117 ipsumque
672 1017 886 1108 attinentia,
899 1033 981 1106 tum
997 1018 1087 1116 quia
1096 1013 1137 1096 iri

122 1163 172 1210 so
192 1151 294 1210 certe
312 1135 419 1234 quod
439 1135 486 1208 ad
508 1135 702 1208 abdomen
722 1136 875 1222 attinet,
902 1150 940 1212 et
960 1137 1040 1212 sine
1060 1135 1137 1213 dis-

121 1257 292 1331 sectione
302 1255 473 1353 conspici
489 1255 637 1353 potuit,
658 1253 706 1325 ad
720 1255 936 1353 propositas
956 1252 1136 1331 Valsalsae

124 1374 330 1447 etBaronii
343 1372 627 1446 observationes
645 1374 817 1471 proxime
830 1371 985 1448 aceedit.

175 1490 232 1564 53.
266 1496 524 1582 Monstrosum
563 1488 747 1574 infantem
781 1506 955 1576 matrona
988 1489 1137 1589 peperit

120 1625 213 1682 nata
228 1632 350 1684 annos
369 1633 491 1682 unum
509 1626 546 1682 et
565 1609 834 1710 quadraginta,
850 1611 903 1682 sie
919 1609 1007 1692 satis
1024 1633 1136 1696 sana,

120 1729 380 1828 plurimorum
395 1743 496 1806 certe
519 1728 732 1801 ¹liberorum
753 1753 909 1828 parens,
936 1752 1032 1828 quos
1056 1725 1136 1800 fain

122 1849 219 1920 citer
244 1863 425 1946 gestatos,
461 1847 681 1946 optimeque
717 1873 850 1925 omnes
878 1845 1137 1921 conformatos

125 1963 307 2038 ediderat.
329 1967 425 2052 Huic
435 1967 643 2038 novissimo
654 1966 803 2040 octobri
819 1991 967 2056 mense,
982 1981 1021 2038 et
1034 1965 1139 2038 dein·

24 2073 33 2100 *
124 2084 366 2182 oepscaeteris
379 2083 427 2156 ad
437 2082 538 2161 diem
547 2107 669 2181 usque
678 2083 810 2159 Xllial.
817 2083 914 2180 julii,
931 2107 1002 2156 nee
1013 2105 1138 2154 mense

120 2215 233 2273 mous
251 2203 402 2301 sanguis
419 2205 673 2300 provenerat,
708 2217 746 2272 et
761 2216 895 2274 venter
907 2199 1045 2274 deinde
1066 2223 1135 2272 suo

120 2333 315 2418 tempore,
334 2342 585 2417 mammaeqae
598 2320 878 2408 intumuerant,
890 2317 1136 2393 etcumbono

122 2435 234 2520 faciei
248 2437 376 2510 colore
400 2439 487 2512 satis
510 2437 614 2510 bona
637 2438 816 2512 valetudo
833 2436 966 2510 fuerat.
991 2440 1070 2516 Nes
1088 2452 1139 2508 ta.-

121 2577 215 2626 men
242 2579 281 2627 se
306 2555 497 2654 gravidam
518 2579 597 2630 esse
624 2557 781 2656 putabat
809 2571 1012 2656 propterea
1032 2553 1138 2653 quod

123 2673 236 2772 plura
263 2668 419 2746 deerant
445 2688 665 2746 caeterarum
701 2677 955 2774 gestationum
982 2673 1137 2761 indicia,

124 2803 255 2863 tantus
269 2791 310 2861 in
330 2793 461 2889 primis
479 2793 623 2864 ventris
635 2808 783 2883 tumor,
799 2807 965 2890 quantus
980 2792 1069 2876 alias
1083 2815 1138 2864 so,-

126 2907 248 2998 lebat,
267 2923 304 2980 et
327 2907 480 2994 infantis
504 2925 652 2999 motus,
685 2913 751 3008 qui
774 2907 863 2984 alias
884 2911 1081 3011 ¹matrimus
1099 2924 1140 2992 et

125 3025 321 3114 assiduus,
336 3051 451 3099 vnunc
470 3043 596 3101 autem
616 3029 755 3100 nullus.
787 3033 868 3100 Huc
897 3028 992 3100 illud
1017 3051 1139 3099 acces.-

125 3157 227 3217 serat
244 3143 386 3216 ultimis
402 3145 615 3235 mensibus,
630 3161 671 3218 ut
691 3148 731 3216 in
749 3145 995 3245 hypogastrio
1008 3161 1139 3216 tumor
1255 3238 1257 3242 Α

125 3259 263 3351 durus,
281 3263 1136 3364 etcircu.mseriptus,oblongaeinstandistentoa

124 3381 275 3470 vesicae,
303 3379 529 3480 plerumque
560 3383 841 3480 perciperetur,
875 3382 943 3480 qui
971 3405 1137 3461 moue.

125 3511 242 3596 pente
252 3521 474 3570 evanescere
492 3498 701 3586 videbator.
722 3501 816 3588 Cum
831 3497 910 3571 haee
927 3499 978 3571 ita
993 3512 1135 3586 essent,

130 3639 294 3714 cumque
317 3616 451 3700 ultima
474 3631 561 3690 ante
579 3631 832 3716 prenotatum
863 3617 964 3690 diem
987 3614 1136 3690 hebdo÷

128 3734 256 3822 moda,
267 3734 417 3806 insolita
430 3739 548 3808 urinae
559 3739 692 3835 saepius
706 3735 908 3808 reddendae
916 3736 1135 3823 necessitas,

128 3866 164 3922 st
176 3876 308 3924 sensus
325 3852 506 3951 ponderis
522 3855 706 3926 naturalia
721 3879 852 3926 versus
871 3853 1134 3941 accessissent,

128 3993 215 4043 mox
235 3983 363 4044 autem
384 3992 552 4046 mammae
572 3971 702 4050 triduo
719 3985 806 4048 ante
822 3969 1000 4052 nonnihil
1023 3968 1135 4044 detu-
