2812 4656
302 433 373 508 256
465 455 512 504 or
538 453 685 502 sentens
710 455 754 502 er
780 453 904 502 crusis
930 455 1143 506 uonaonun

298 577 439 663 Quarta
455 569 557 640 enim
576 585 631 640 est
649 567 697 639 ab
712 567 848 642 illustri
865 570 964 642 iuter
982 573 1217 648 recentiores
1228 599 1311 648 ana·

299 685 456 762 tomice:
477 690 616 760 tertiae
631 687 830 760 Sanctorio
842 701 974 758 nostro
986 691 1059 785 (ι),
1076 691 1144 786 qui
1160 693 1310 790 sicprae-

297 808 444 878 luxerat
465 806 509 876 iis
532 831 553 876 a
580 805 721 903 quibus
747 818 897 876 caeteras
927 805 1131 878 habemus:
1146 811 1311 882 secunde

298 949 389 998 usus
403 939 459 996 est
479 924 691 1000 Glissonius
713 922 782 1018 (α),
808 946 894 994 cum
924 924 1236 1022 Malpighianam,
1273 945 1311 1000 ut

297 1059 412 1142 puto,
433 1041 597 1114 necdum
621 1041 791 1138 legisset,
813 1065 900 1112 cum
926 1046 1094 1139 scripsit,
1121 1059 1166 1116 ut
1183 1071 1311 1145 neque

296 1162 571 1236 Glissoniunam
596 1159 840 1257 Malpighius,
867 1184 954 1230 cum
975 1176 1062 1232 ante
1082 1161 1204 1252 hanc,
1226 1167 1310 1262 opi-

296 1303 370 1352 nor
386 1278 504 1354 edidit
513 1301 619 1350 suam
629 1275 703 1374 (3),
721 1301 804 1374 quae
817 1275 935 1348 ferme
951 1276 1081 1350 eadem
1097 1303 1140 1350 ac
1157 1280 1221 1352 illa
1239 1279 1310 1354 fuit

297 1423 380 1495 quae
399 1422 419 1468 a
438 1421 499 1468 nte
520 1397 644 1493 primo
666 1395 752 1466 loco
777 1394 943 1466 indicata
971 1411 1036 1468 est.
1071 1401 1263 1496 Eamque,
1285 1403 1311 1472 si

296 1516 486 1600 volueris,
503 1514 610 1611 sequi
640 1529 769 1611 potes:
788 1513 881 1610 quid
908 1516 1008 1585 enim
1031 1515 1214 1612 prohibet
1233 1540 1310 1590 tna-

292 1636 394 1733 jores
410 1645 535 1732 partes
553 1634 593 1702 in
613 1625 796 1721 minores,
825 1648 862 1703 et
879 1632 947 1704 has
961 1636 1001 1703 in
1021 1635 1197 1707 minimas
1218 1635 1311 1707 divi·

297 1752 414 1824 dere?
437 1752 641 1849 praesertim
672 1775 757 1822 cum
787 1750 1015 1849 Malpighius
1046 1777 1261 1851 nusquam,
1282 1759 1311 1828 si

297 1869 418 1968 probe
433 1870 609 1958 memini,
631 1869 769 1942 diserte
783 1871 977 1967 negaverit
994 1893 1055 1942 ees
1072 1887 1199 1969 partes
1213 1874 1310 1946 inter
1400 1883 1401 1894 ’

298 2013 355 2075 se,
379 2002 417 2058 et
450 2012 536 2059 cum
569 1990 709 2060 caeteris
736 1989 1117 2060 communicationem
1146 1989 1308 2080 habere,

298 2130 423 2204 neque
442 2106 632 2194 docuerit,
652 2093 918 2176 membraneos
933 2104 1103 2177 sacculos
1120 2133 1186 2178 seu
1206 2110 1309 2181 Iobu-

300 2225 354 2297 los
382 2221 528 2296 ovale'm
552 2222 694 2294 habere
725 2220 905 2320 figuram,
937 2223 1002 2295 sed
1024 2223 1173 2296 orclem
1182 2253 1307 2327 pene,
1401 2293 1402 2300 ,

297 2345 375 2416 imo
395 2339 650 2416 diversimode
659 2341 849 2437 figurari3
867 2356 903 2413 et
926 2365 1004 2412 esse
1019 2347 1144 2414 instar
1159 2343 1307 2418 lobulo-

297 2485 400 2547 rum,
431 2460 566 2557 quibus
583 2469 862 2555 componuntur
877 2463 989 2528 etiam
1004 2460 1229 2558 pulrnones,
1247 2465 1310 2560 qui

297 2578 419 2649 lobuli
447 2592 488 2646 ut
507 2576 618 2646 variis
645 2576 722 2646 sint
756 2573 905 2662 formis,
941 2578 1151 2650 ostendunt
1180 2583 1307 2653 icones
1402 2659 1403 2682 ,

297 2718 391 2792 quas
410 2691 578 2790 epistolis
595 2691 641 2764 de
659 2691 905 2790 pulmonibus
928 2693 1107 2790 adjunxit.
1129 2697 1306 2797 illudque
1402 2683 1403 2732 l

296 2816 452 2908 insuper
475 2825 584 2882 antea
612 2812 828 2907 scripserat,
850 2814 1038 2883 contineri
1061 2815 1216 2886 sacculo
1241 2825 1307 2890 mi-

296 2935 417 3000 nimos
439 2924 584 3000 lobulos
602 2926 924 3025 diversoestguroe,
938 2931 1171 3026 pinguedine
1191 2939 1306 3027 refer-

296 3063 368 3134 tos,
377 3051 560 3126 Caeterum
575 3045 622 3116 ad
633 3047 905 3118 excrescentias
922 3063 964 3118 ut
983 3048 1135 3120 redeam
1150 3051 1233 3147 ejus
1244 3078 1306 3150 ge-

295 3168 395 3262 neris
415 3165 462 3236 de
480 3189 557 3262 quo
570 3161 716 3234 dictum
732 3178 807 3252 est3
825 3187 903 3235 non
917 3191 962 3236 ex
979 3165 1135 3263 adiposa
1156 3183 1305 3241 tantum

295 3284 515 3356 membrana
528 3307 610 3378 quse
626 3280 697 3354 sub
711 3296 797 3353 cute
815 3297 887 3370 est,
906 3281 971 3354 sed
995 3266 1105 3356 etiam
1125 3311 1170 3357 ex
1188 3290 1305 3360 inter·

242 3463 246 3478 ,
294 3405 354 3474 nis
365 3402 463 3485 aliis,
483 3415 520 3469 et
537 3399 762 3470 nominatim
773 3423 819 3471 ex
835 3416 990 3472 omento
1007 3403 1210 3500 quasdam,
1223 3405 1304 3478 illa-

294 3543 380 3590 rum
404 3519 455 3590 sic
473 3519 559 3588 satis
581 3516 743 3604 similes,
766 3518 923 3590 existere
953 3518 1094 3592 indicat
1127 3522 1304 3596 observa-

297 3701 428 3716 m

334 3822 379 3900 (1)
400 3823 564 3880 Comment.
584 3821 617 3876 in
630 3824 655 3878 I.
668 3823 728 3880 fen.
741 3823 828 3881 Avic.
843 3836 947 3900 quaest.
963 3824 1010 3883 55.

333 3919 376 4000 (α)
398 3925 497 3979 Tract.
512 3921 549 3978 de
560 3922 671 3996 partib.
687 3923 850 3980 continent.
864 3944 890 3980 c.
907 3945 939 3980 11
956 3923 1043 3984 et15.
1145 4002 1149 4010 Ι

333 4019 375 4102 (3)
398 4021 528 4078 Exercit.
541 4021 580 4078 de
592 4033 725 4093 omento,
737 4023 880 4100 pingued.
892 4035 947 4082 etc.
