<?xml version="1.0" encoding="UTF-8"?>
<!DOCTYPE html PUBLIC "-//W3C//DTD XHTML 1.0 Transitional//EN"
    "http://www.w3.org/TR/xhtml1/DTD/xhtml1-transitional.dtd">
<html xmlns="http://www.w3.org/1999/xhtml" xml:lang="en" lang="en">
 <head>
  <title>
</title>
<meta http-equiv="Content-Type" content="text/html;charset=utf-8" />
  <meta name='ocr-system' content='tesseract 3.04.00' />
  <meta name='ocr-capabilities' content='ocr_page ocr_carea ocr_par ocr_line ocrx_word'/>
</head>
<body>
  <div class='ocr_page' id='page_1' title='image "./desedibusetcaus03adelgoog_0112.png"; bbox 0 0 2828 4652; ppageno 0'>
   <div class='ocr_carea' id='block_1_1' title="bbox 286 401 1117 482">
    <p class='ocr_par' dir='ltr' id='par_1_1' title="bbox 286 401 1117 482">
     <span class='ocr_line' id='line_1_1' title="bbox 286 401 1117 482; baseline -0.005 -16"><span class='ocrx_word' id='word_1_1' title='bbox 286 401 353 482; x_wconf 66' lang='lat'><strong>¹⁰4</strong></span> <span class='ocrx_word' id='word_1_2' title='bbox 445 417 491 464; x_wconf 80' lang='lat' dir='ltr'><strong>ne</strong></span> <span class='ocrx_word' id='word_1_3' title='bbox 517 413 661 462; x_wconf 81' lang='lat' dir='ltr'><strong>snnmus</strong></span> <span class='ocrx_word' id='word_1_4' title='bbox 686 415 730 462; x_wconf 75' lang='grc' dir='ltr'><strong>ιτ</strong></span> <span class='ocrx_word' id='word_1_5' title='bbox 756 413 880 461; x_wconf 72' lang='lat' dir='ltr'><strong>cnnsis</strong></span> <span class='ocrx_word' id='word_1_6' title='bbox 906 413 1117 462; x_wconf 75' lang='lat' dir='ltr'><strong>nonnonnn</strong></span> 
     </span>
    </p>
   </div>
   <div class='ocr_carea' id='block_1_2' title="bbox 189 527 1396 3684">
    <p class='ocr_par' dir='ltr' id='par_1_2' title="bbox 189 527 1396 3684">
     <span class='ocr_line' id='line_1_2' title="bbox 198 527 1284 628; baseline -0.001 -26"><span class='ocrx_word' id='word_1_7' title='bbox 198 586 200 590; x_wconf 84' lang='grc'><strong>-</strong></span> <span class='ocrx_word' id='word_1_8' title='bbox 281 531 387 604; x_wconf 87' lang='lat' dir='ltr'><strong>horis</strong></span> <span class='ocrx_word' id='word_1_9' title='bbox 416 527 607 628; x_wconf 84' lang='lat' dir='ltr'><strong>profluvio</strong></span> <span class='ocrx_word' id='word_1_10' title='bbox 645 529 838 625; x_wconf 81' lang='lat' dir='ltr'>sanguinis</span> <span class='ocrx_word' id='word_1_11' title='bbox 865 530 1038 600; x_wconf 75' lang='lat' dir='ltr'>extinctis</span> <span class='ocrx_word' id='word_1_12' title='bbox 1062 545 1173 600; x_wconf 90' lang='lat' dir='ltr'><strong>:tum</strong></span> <span class='ocrx_word' id='word_1_13' title='bbox 1199 529 1284 628; x_wconf 79' lang='lat' dir='ltr'>pul-</span> 
     </span>
     <span class='ocr_line' id='line_1_3' title="bbox 284 644 1284 743; baseline 0.001 -24"><span class='ocrx_word' id='word_1_14' title='bbox 284 672 363 734; x_wconf 88' lang='lat' dir='ltr'>sus,</span> <span class='ocrx_word' id='word_1_15' title='bbox 379 663 416 722; x_wconf 90' lang='lat' dir='ltr'><strong>et</strong></span> <span class='ocrx_word' id='word_1_16' title='bbox 439 645 541 717; x_wconf 84' lang='lat' dir='ltr'><strong>calor</strong></span> <span class='ocrx_word' id='word_1_17' title='bbox 572 669 650 716; x_wconf 92' lang='lat' dir='ltr'><strong>non</strong></span> <span class='ocrx_word' id='word_1_18' title='bbox 678 644 857 743; x_wconf 83' lang='lat' dir='ltr'><strong>paulatim</strong></span> <span class='ocrx_word' id='word_1_19' title='bbox 876 660 1002 734; x_wconf 82' lang='lat' dir='ltr'><strong>antea,</strong></span> <span class='ocrx_word' id='word_1_20' title='bbox 1035 645 1100 717; x_wconf 87' lang='lat' dir='ltr'><strong>sed</strong></span> <span class='ocrx_word' id='word_1_21' title='bbox 1117 661 1209 720; x_wconf 87' lang='lat' dir='ltr'><strong>tunc</strong></span> <span class='ocrx_word' id='word_1_22' title='bbox 1226 673 1284 720; x_wconf 84' lang='lat' dir='ltr'><strong>re-</strong></span> 
     </span>
     <span class='ocr_line' id='line_1_4' title="bbox 282 759 1284 863; baseline -0.003 -26"><span class='ocrx_word' id='word_1_23' title='bbox 282 780 395 863; x_wconf 88' lang='lat' dir='ltr'><strong>pente</strong></span> <span class='ocrx_word' id='word_1_24' title='bbox 413 780 525 861; x_wconf 87' lang='lat' dir='ltr'><strong>atque</strong></span> <span class='ocrx_word' id='word_1_25' title='bbox 544 763 703 834; x_wconf 86' lang='lat' dir='ltr'><strong>omnino</strong></span> <span class='ocrx_word' id='word_1_26' title='bbox 721 759 964 851; x_wconf 82' lang='lat' dir='ltr'><strong>defecerunt,</strong></span> <span class='ocrx_word' id='word_1_27' title='bbox 988 787 1074 834; x_wconf 89' lang='lat' dir='ltr'><strong>cum</strong></span> <span class='ocrx_word' id='word_1_28' title='bbox 1094 787 1155 836; x_wconf 80' lang='lat' dir='ltr'><strong>res</strong></span> <span class='ocrx_word' id='word_1_29' title='bbox 1172 789 1284 862; x_wconf 79' lang='lat' dir='ltr'><strong>puer·</strong></span> 
     </span>
     <span class='ocr_line' id='line_1_5' title="bbox 189 875 1285 982; baseline -0.004 -26"><span class='ocrx_word' id='word_1_30' title='bbox 189 875 193 884; x_wconf 54' lang='lat'><strong>¹</strong></span> <span class='ocrx_word' id='word_1_31' title='bbox 284 905 384 982; x_wconf 82' lang='lat' dir='ltr'><strong>perae</strong></span> <span class='ocrx_word' id='word_1_32' title='bbox 402 881 561 952; x_wconf 87' lang='lat' dir='ltr'><strong>molesta</strong></span> <span class='ocrx_word' id='word_1_33' title='bbox 583 904 626 952; x_wconf 91' lang='lat' dir='ltr'><strong>ac</strong></span> <span class='ocrx_word' id='word_1_34' title='bbox 647 879 768 977; x_wconf 83' lang='lat' dir='ltr'><strong>gravis</strong></span> <span class='ocrx_word' id='word_1_35' title='bbox 792 895 942 950; x_wconf 84' lang='lat' dir='ltr'><strong>narrata</strong></span> <span class='ocrx_word' id='word_1_36' title='bbox 972 895 1048 970; x_wconf 83' lang='lat' dir='ltr'><strong>est3</strong></span> <span class='ocrx_word' id='word_1_37' title='bbox 1074 879 1169 952; x_wconf 89' lang='lat' dir='ltr'><strong>nihil</strong></span> <span class='ocrx_word' id='word_1_38' title='bbox 1184 883 1285 952; x_wconf 87' lang='lat' dir='ltr'><strong>enim</strong></span> 
     </span>
     <span class='ocr_line' id='line_1_6' title="bbox 283 995 1286 1098; baseline -0.005 -25"><span class='ocrx_word' id='word_1_39' title='bbox 283 998 469 1098; x_wconf 87' lang='lat' dir='ltr'><strong>ejusmodi</strong></span> <span class='ocrx_word' id='word_1_40' title='bbox 506 1023 552 1068; x_wconf 89' lang='lat' dir='ltr'><strong>eo</strong></span> <span class='ocrx_word' id='word_1_41' title='bbox 595 1002 768 1094; x_wconf 76' lang='lat' dir='ltr'><strong>tempore</strong></span> <span class='ocrx_word' id='word_1_42' title='bbox 801 995 931 1068; x_wconf 86' lang='lat' dir='ltr'><strong>audire</strong></span> <span class='ocrx_word' id='word_1_43' title='bbox 968 998 1146 1070; x_wconf 86' lang='lat' dir='ltr'><strong>convenit</strong></span> <span class='ocrx_word' id='word_1_44' title='bbox 1182 995 1286 1069; x_wconf 83' lang='lat' dir='ltr'><strong>femi-</strong></span> 
     </span>
     <span class='ocr_line' id='line_1_7' title="bbox 282 1113 1287 1213; baseline -0.001 -24"><span class='ocrx_word' id='word_1_45' title='bbox 282 1143 368 1207; x_wconf 83' lang='lat' dir='ltr'><strong>nas,</strong></span> <span class='ocrx_word' id='word_1_46' title='bbox 398 1119 601 1213; x_wconf 90' lang='lat' dir='ltr'><strong>minusque</strong></span> <span class='ocrx_word' id='word_1_47' title='bbox 624 1115 705 1186; x_wconf 83' lang='lat' dir='ltr'><strong>illas</strong></span> <span class='ocrx_word' id='word_1_48' title='bbox 730 1139 833 1212; x_wconf 84' lang='lat' dir='ltr'><strong>quae,</strong></span> <span class='ocrx_word' id='word_1_49' title='bbox 861 1113 1058 1212; x_wconf 84' lang='lat' dir='ltr'><strong>hystericis</strong></span> <span class='ocrx_word' id='word_1_50' title='bbox 1083 1113 1287 1188; x_wconf 82' lang='lat' dir='ltr'><strong>affectioni-</strong></span> 
     </span>
     <span class='ocr_line' id='line_1_8' title="bbox 280 1231 1288 1330; baseline -0.003 -22"><span class='ocrx_word' id='word_1_51' title='bbox 280 1237 355 1308; x_wconf 91' lang='lat' dir='ltr'><strong>bus</strong></span> <span class='ocrx_word' id='word_1_52' title='bbox 371 1235 560 1322; x_wconf 76' lang='lat' dir='ltr'><strong>obnoxiae,</strong></span> <span class='ocrx_word' id='word_1_53' title='bbox 578 1232 767 1330; x_wconf 86' lang='lat' dir='ltr'>proclives</span> <span class='ocrx_word' id='word_1_54' title='bbox 792 1256 929 1304; x_wconf 84' lang='lat' dir='ltr'><strong>nervos</strong></span> <span class='ocrx_word' id='word_1_55' title='bbox 958 1231 1099 1306; x_wconf 82' lang='lat' dir='ltr'><strong>habent</strong></span> <span class='ocrx_word' id='word_1_56' title='bbox 1130 1233 1178 1304; x_wconf 85' lang='lat' dir='ltr'><strong>ad</strong></span> <span class='ocrx_word' id='word_1_57' title='bbox 1200 1258 1288 1308; x_wconf 88' lang='lat' dir='ltr'><strong>con·</strong></span> 
     </span>
     <span class='ocr_line' id='line_1_9' title="bbox 280 1349 1289 1449; baseline -0.002 -25"><span class='ocrx_word' id='word_1_58' title='bbox 280 1354 494 1436; x_wconf 84' lang='lat' dir='ltr'><strong>vulsiones,</strong></span> <span class='ocrx_word' id='word_1_59' title='bbox 516 1375 596 1449; x_wconf 87' lang='lat' dir='ltr'><strong>quae</strong></span> <span class='ocrx_word' id='word_1_60' title='bbox 615 1351 645 1420; x_wconf 91' lang='lat' dir='ltr'><strong>si</strong></span> <span class='ocrx_word' id='word_1_61' title='bbox 665 1350 806 1421; x_wconf 80' lang='lat' dir='ltr'><strong>viscere</strong></span> <span class='ocrx_word' id='word_1_62' title='bbox 824 1349 967 1421; x_wconf 86' lang='lat' dir='ltr'><strong>nobilia</strong></span> <span class='ocrx_word' id='word_1_63' title='bbox 985 1352 1210 1449; x_wconf 67' lang='lat' dir='ltr'><strong>corripiant3</strong></span> <span class='ocrx_word' id='word_1_64' title='bbox 1235 1353 1289 1422; x_wconf 93' lang='lat' dir='ltr'><strong>in·</strong></span> 
     </span>
     <span class='ocr_line' id='line_1_10' title="bbox 281 1467 1288 1565; baseline 0.001 -22"><span class='ocrx_word' id='word_1_65' title='bbox 281 1469 470 1543; x_wconf 80' lang='lat' dir='ltr'><strong>firmiores</strong></span> <span class='ocrx_word' id='word_1_66' title='bbox 503 1467 609 1540; x_wconf 86' lang='lat' dir='ltr'><strong>facile</strong></span> <span class='ocrx_word' id='word_1_67' title='bbox 642 1467 831 1565; x_wconf 87' lang='lat' dir='ltr'><strong>perdunt,</strong></span> <span class='ocrx_word' id='word_1_68' title='bbox 866 1481 908 1538; x_wconf 87' lang='lat' dir='ltr'><strong>ut</strong></span> <span class='ocrx_word' id='word_1_69' title='bbox 932 1469 1081 1540; x_wconf 84' lang='lat' dir='ltr'><strong>mulieri</strong></span> <span class='ocrx_word' id='word_1_70' title='bbox 1110 1469 1288 1544; x_wconf 83' lang='lat' dir='ltr'><strong>accidisse</strong></span> 
     </span>
     <span class='ocr_line' id='line_1_11' title="bbox 283 1583 1289 1686; baseline -0.001 -27"><span class='ocrx_word' id='word_1_71' title='bbox 283 1589 406 1686; x_wconf 86' lang='lat' dir='ltr'><strong>leges,</strong></span> <span class='ocrx_word' id='word_1_72' title='bbox 425 1611 508 1683; x_wconf 86' lang='lat' dir='ltr'><strong>quae</strong></span> <span class='ocrx_word' id='word_1_73' title='bbox 533 1611 553 1656; x_wconf 87' lang='lat' dir='ltr'><strong>a</strong></span> <span class='ocrx_word' id='word_1_74' title='bbox 573 1586 786 1684; x_wconf 83' lang='lat' dir='ltr'><strong>praegressis</strong></span> <span class='ocrx_word' id='word_1_75' title='bbox 803 1583 1015 1674; x_wconf 87' lang='lat' dir='ltr'>laboribus,</span> <span class='ocrx_word' id='word_1_76' title='bbox 1029 1599 1066 1658; x_wconf 88' lang='lat' dir='ltr'><strong>et</strong></span> <span class='ocrx_word' id='word_1_77' title='bbox 1081 1586 1128 1658; x_wconf 83' lang='lat' dir='ltr'><strong>ab</strong></span> <span class='ocrx_word' id='word_1_78' title='bbox 1145 1583 1289 1660; x_wconf 88' lang='lat' dir='ltr'><strong>difficili</strong></span> 
     </span>
     <span class='ocr_line' id='line_1_12' title="bbox 284 1704 1289 1806; baseline 0.001 -29"><span class='ocrx_word' id='word_1_79' title='bbox 284 1707 397 1806; x_wconf 79' lang='lat' dir='ltr'><strong>p&#39;artu</strong></span> <span class='ocrx_word' id='word_1_80' title='bbox 412 1705 526 1793; x_wconf 84' lang='lat' dir='ltr'>lassa,</span> <span class='ocrx_word' id='word_1_81' title='bbox 547 1728 637 1774; x_wconf 85' lang='lat' dir='ltr'><strong>mox</strong></span> <span class='ocrx_word' id='word_1_82' title='bbox 655 1717 741 1802; x_wconf 88' lang='lat' dir='ltr'><strong>post</strong></span> <span class='ocrx_word' id='word_1_83' title='bbox 758 1705 901 1801; x_wconf 89' lang='lat' dir='ltr'><strong>ipsum,</strong></span> <span class='ocrx_word' id='word_1_84' title='bbox 921 1706 1020 1776; x_wconf 88' lang='lat' dir='ltr'><strong>inter</strong></span> <span class='ocrx_word' id='word_1_85' title='bbox 1033 1704 1289 1802; x_wconf 86' lang='lat' dir='ltr'><strong>loquendum,</strong></span> 
     </span>
     <span class='ocr_line' id='line_1_13' title="bbox 284 1821 1289 1922; baseline 0 -27"><span class='ocrx_word' id='word_1_86' title='bbox 284 1839 440 1922; x_wconf 88' lang='lat' dir='ltr'><strong>repente</strong></span> <span class='ocrx_word' id='word_1_87' title='bbox 449 1837 583 1921; x_wconf 83' lang='lat' dir='ltr'><strong>praeter</strong></span> <span class='ocrx_word' id='word_1_88' title='bbox 600 1846 753 1894; x_wconf 88' lang='lat' dir='ltr'><strong>omnem</strong></span> <span class='ocrx_word' id='word_1_89' title='bbox 771 1821 991 1918; x_wconf 88' lang='lat' dir='ltr'><strong>opinionem</strong></span> <span class='ocrx_word' id='word_1_90' title='bbox 1001 1823 1180 1896; x_wconf 84' lang='lat' dir='ltr'><strong>convulsa</strong></span> <span class='ocrx_word' id='word_1_91' title='bbox 1188 1848 1289 1896; x_wconf 82' lang='lat' dir='ltr'>mor·</span> 
     </span>
     <span class='ocr_line' id='line_1_14' title="bbox 282 1939 1289 2030; baseline 0.001 -16"><span class='ocrx_word' id='word_1_92' title='bbox 282 1958 347 2014; x_wconf 85' lang='lat' dir='ltr'><strong>tua</strong></span> <span class='ocrx_word' id='word_1_93' title='bbox 366 1956 441 2030; x_wconf 90' lang='lat' dir='ltr'><strong>est,</strong></span> <span class='ocrx_word' id='word_1_94' title='bbox 466 1965 553 2013; x_wconf 87' lang='lat' dir='ltr'><strong>eum</strong></span> <span class='ocrx_word' id='word_1_95' title='bbox 570 1941 679 2012; x_wconf 86' lang='lat' dir='ltr'><strong>aliam</strong></span> <span class='ocrx_word' id='word_1_96' title='bbox 696 1939 838 2010; x_wconf 87' lang='lat' dir='ltr'><strong>nullam</strong></span> <span class='ocrx_word' id='word_1_97' title='bbox 854 1941 899 2011; x_wconf 90' lang='lat' dir='ltr'><strong>cl.</strong></span> <span class='ocrx_word' id='word_1_98' title='bbox 916 1945 935 2010; x_wconf 85' lang='lat' dir='ltr'>J</span> <span class='ocrx_word' id='word_1_99' title='bbox 939 1964 973 2010; x_wconf 88' lang='lat'><strong>0.</strong></span> <span class='ocrx_word' id='word_1_100' title='bbox 994 1939 1134 2013; x_wconf 85' lang='lat' dir='ltr'><strong>Sebast.</strong></span> <span class='ocrx_word' id='word_1_101' title='bbox 1153 1942 1289 2016; x_wconf 84' lang='lat' dir='ltr'><strong>Albre-</strong></span> 
     </span>
     <span class='ocr_line' id='line_1_15' title="bbox 283 2042 1396 2158; baseline 0 -25"><span class='ocrx_word' id='word_1_102' title='bbox 283 2059 394 2133; x_wconf 86' lang='lat' dir='ltr'><strong>ehtus</strong></span> <span class='ocrx_word' id='word_1_103' title='bbox 409 2058 468 2158; x_wconf 86' lang='lat' dir='ltr'><strong>(t)</strong></span> <span class='ocrx_word' id='word_1_104' title='bbox 484 2059 665 2157; x_wconf 83' lang='lat' dir='ltr'><strong>suspicari</strong></span> <span class='ocrx_word' id='word_1_105' title='bbox 680 2081 827 2131; x_wconf 85' lang='lat' dir='ltr'><strong>causam</strong></span> <span class='ocrx_word' id='word_1_106' title='bbox 843 2072 986 2154; x_wconf 84' lang='lat' dir='ltr'><strong>posset,</strong></span> <span class='ocrx_word' id='word_1_107' title='bbox 1002 2060 1073 2130; x_wconf 89' lang='lat' dir='ltr'><strong>nisi</strong></span> <span class='ocrx_word' id='word_1_108' title='bbox 1086 2059 1289 2132; x_wconf 87' lang='lat' dir='ltr'><strong>molestum</strong></span> <span class='ocrx_word' id='word_1_109' title='bbox 1395 2042 1396 2066; x_wconf 44' lang='lat'>¹</span> 
     </span>
     <span class='ocr_line' id='line_1_16' title="bbox 285 2175 1291 2276; baseline 0.002 -28"><span class='ocrx_word' id='word_1_110' title='bbox 285 2203 330 2250; x_wconf 91' lang='lat' dir='ltr'><strong>eo</strong></span> <span class='ocrx_word' id='word_1_111' title='bbox 348 2193 519 2276; x_wconf 86' lang='lat' dir='ltr'><strong>tempore</strong></span> <span class='ocrx_word' id='word_1_112' title='bbox 542 2178 724 2248; x_wconf 89' lang='lat' dir='ltr'><strong>nuncium</strong></span> <span class='ocrx_word' id='word_1_113' title='bbox 746 2200 767 2246; x_wconf 87' lang='lat' dir='ltr'>a</span> <span class='ocrx_word' id='word_1_114' title='bbox 793 2199 980 2273; x_wconf 87' lang='lat' dir='ltr'>puerpera</span> <span class='ocrx_word' id='word_1_115' title='bbox 1003 2175 1186 2248; x_wconf 81' lang='lat' dir='ltr'><strong>auditum.</strong></span> <span class='ocrx_word' id='word_1_116' title='bbox 1216 2180 1291 2250; x_wconf 86' lang='lat' dir='ltr'><strong>Ne·</strong></span> 
     </span>
     <span class='ocr_line' id='line_1_17' title="bbox 284 2292 1292 2392; baseline 0.001 -26"><span class='ocrx_word' id='word_1_117' title='bbox 284 2321 359 2392; x_wconf 89' lang='lat' dir='ltr'><strong>que</strong></span> <span class='ocrx_word' id='word_1_118' title='bbox 375 2295 481 2366; x_wconf 88' lang='lat' dir='ltr'><strong>aliter</strong></span> <span class='ocrx_word' id='word_1_119' title='bbox 493 2292 638 2366; x_wconf 82' lang='lat' dir='ltr'><strong>feminae</strong></span> <span class='ocrx_word' id='word_1_120' title='bbox 647 2292 762 2388; x_wconf 89' lang='lat' dir='ltr'><strong>hujus</strong></span> <span class='ocrx_word' id='word_1_121' title='bbox 775 2307 912 2364; x_wconf 67' lang='lat' dir='ltr'><strong>nostrae</strong></span> <span class='ocrx_word' id='word_1_122' title='bbox 920 2307 1081 2364; x_wconf 85' lang='lat' dir='ltr'><strong>mortem</strong></span> <span class='ocrx_word' id='word_1_123' title='bbox 1094 2293 1292 2383; x_wconf 85' lang='lat' dir='ltr'><strong>accidisse,</strong></span> 
     </span>
     <span class='ocr_line' id='line_1_18' title="bbox 287 2409 1291 2507; baseline 0.002 -25"><span class='ocrx_word' id='word_1_124' title='bbox 287 2412 333 2484; x_wconf 87' lang='lat' dir='ltr'><strong>iis</strong></span> <span class='ocrx_word' id='word_1_125' title='bbox 351 2410 530 2483; x_wconf 90' lang='lat' dir='ltr'><strong>omnibus</strong></span> <span class='ocrx_word' id='word_1_126' title='bbox 548 2409 669 2481; x_wconf 89' lang='lat' dir='ltr'><strong>doctis</strong></span> <span class='ocrx_word' id='word_1_127' title='bbox 685 2409 842 2480; x_wconf 89' lang='lat' dir='ltr'><strong>medicis</strong></span> <span class='ocrx_word' id='word_1_128' title='bbox 851 2409 972 2481; x_wconf 86' lang='lat' dir='ltr'><strong>visum</strong></span> <span class='ocrx_word' id='word_1_129' title='bbox 984 2412 1130 2507; x_wconf 88' lang='lat' dir='ltr'><strong>est‚qui</strong></span> <span class='ocrx_word' id='word_1_130' title='bbox 1147 2435 1291 2484; x_wconf 87' lang='lat' dir='ltr'><strong>cumea</strong></span> 
     </span>
     <span class='ocr_line' id='line_1_19' title="bbox 284 2525 1290 2627; baseline 0.002 -27"><span class='ocrx_word' id='word_1_131' title='bbox 284 2554 367 2627; x_wconf 82' lang='lat' dir='ltr'><strong>quae</strong></span> <span class='ocrx_word' id='word_1_132' title='bbox 382 2528 498 2600; x_wconf 83' lang='lat' dir='ltr'><strong>relata</strong></span> <span class='ocrx_word' id='word_1_133' title='bbox 517 2542 625 2615; x_wconf 89' lang='lat' dir='ltr'><strong>sunt,</strong></span> <span class='ocrx_word' id='word_1_134' title='bbox 652 2552 803 2601; x_wconf 84' lang='lat' dir='ltr'><strong>mecum</strong></span> <span class='ocrx_word' id='word_1_135' title='bbox 823 2525 1160 2615; x_wconf 84' lang='lat' dir='ltr'><strong>audivissent‚tum</strong></span> <span class='ocrx_word' id='word_1_136' title='bbox 1181 2530 1290 2602; x_wconf 81' lang='lat' dir='ltr'><strong>cada·</strong></span> 
     </span>
     <span class='ocr_line' id='line_1_20' title="bbox 283 2642 1291 2745; baseline 0.005 -30"><span class='ocrx_word' id='word_1_137' title='bbox 283 2647 382 2718; x_wconf 83' lang='lat' dir='ltr'><strong>veris</strong></span> <span class='ocrx_word' id='word_1_138' title='bbox 411 2646 637 2718; x_wconf 86' lang='lat' dir='ltr'><strong>dessectioni</strong></span> <span class='ocrx_word' id='word_1_139' title='bbox 668 2642 932 2716; x_wconf 86' lang='lat' dir='ltr'><strong>interfuerunt.</strong></span> <span class='ocrx_word' id='word_1_140' title='bbox 965 2650 1022 2716; x_wconf 88' lang='lat' dir='ltr'><strong>Tu</strong></span> <span class='ocrx_word' id='word_1_141' title='bbox 1052 2671 1143 2718; x_wconf 85' lang='lat' dir='ltr'><strong>vero</strong></span> <span class='ocrx_word' id='word_1_142' title='bbox 1173 2649 1291 2745; x_wconf 71' lang='lat' dir='ltr'><strong>priue</strong></span> 
     </span>
     <span class='ocr_line' id='line_1_21' title="bbox 284 2761 1290 2861; baseline 0.003 -27"><span class='ocrx_word' id='word_1_143' title='bbox 284 2789 398 2861; x_wconf 85' lang='lat' dir='ltr'>quam</span> <span class='ocrx_word' id='word_1_144' title='bbox 413 2762 578 2860; x_wconf 84' lang='lat' dir='ltr'><strong>judices,</strong></span> <span class='ocrx_word' id='word_1_145' title='bbox 594 2762 687 2836; x_wconf 85' lang='lat' dir='ltr'><strong>illud</strong></span> <span class='ocrx_word' id='word_1_146' title='bbox 706 2765 817 2834; x_wconf 82' lang='lat' dir='ltr'><strong>etiam</strong></span> <span class='ocrx_word' id='word_1_147' title='bbox 830 2761 1034 2852; x_wconf 84' lang='lat' dir='ltr'><strong>attendito,</strong></span> <span class='ocrx_word' id='word_1_148' title='bbox 1051 2779 1239 2861; x_wconf 85' lang='lat' dir='ltr'><strong>quantum</strong></span> <span class='ocrx_word' id='word_1_149' title='bbox 1250 2767 1290 2836; x_wconf 90' lang='lat' dir='ltr'><strong>in</strong></span> 
     </span>
     <span class='ocr_line' id='line_1_22' title="bbox 284 2879 1291 2969; baseline 0.002 -17"><span class='ocrx_word' id='word_1_150' title='bbox 284 2898 492 2969; x_wconf 85' lang='lat' dir='ltr'><strong>tumorem,</strong></span> <span class='ocrx_word' id='word_1_151' title='bbox 519 2895 556 2952; x_wconf 87' lang='lat' dir='ltr'><strong>et</strong></span> <span class='ocrx_word' id='word_1_152' title='bbox 576 2880 680 2952; x_wconf 88' lang='lat' dir='ltr'><strong>huuc</strong></span> <span class='ocrx_word' id='word_1_153' title='bbox 702 2879 937 2952; x_wconf 87' lang='lat' dir='ltr'><strong>flatulentum</strong></span> <span class='ocrx_word' id='word_1_154' title='bbox 964 2879 1133 2953; x_wconf 86' lang='lat' dir='ltr'><strong>mulieris</strong></span> <span class='ocrx_word' id='word_1_155' title='bbox 1157 2897 1291 2954; x_wconf 87' lang='lat' dir='ltr'><strong>venter</strong></span> 
     </span>
     <span class='ocr_line' id='line_1_23' title="bbox 287 2997 1291 3098; baseline 0.004 -30"><span class='ocrx_word' id='word_1_156' title='bbox 287 2999 500 3070; x_wconf 83' lang='lat' dir='ltr'><strong>increverit.</strong></span> <span class='ocrx_word' id='word_1_157' title='bbox 520 2997 642 3070; x_wconf 89' lang='lat' dir='ltr'><strong>Habes</strong></span> <span class='ocrx_word' id='word_1_158' title='bbox 660 3013 783 3070; x_wconf 90' lang='lat' dir='ltr'><strong>autem</strong></span> <span class='ocrx_word' id='word_1_159' title='bbox 798 2997 859 3070; x_wconf 89' lang='lat' dir='ltr'><strong>vel</strong></span> <span class='ocrx_word' id='word_1_160' title='bbox 879 2999 1045 3071; x_wconf 87' lang='lat' dir='ltr'><strong>sectione</strong></span> <span class='ocrx_word' id='word_1_161' title='bbox 1066 2997 1138 3070; x_wconf 87' lang='lat' dir='ltr'><strong>hac</strong></span> <span class='ocrx_word' id='word_1_162' title='bbox 1162 3001 1291 3098; x_wconf 83' lang='lat' dir='ltr'><strong>Sepul-</strong></span> 
     </span>
     <span class='ocr_line' id='line_1_24' title="bbox 285 3114 1290 3214; baseline 0.004 -28"><span class='ocrx_word' id='word_1_163' title='bbox 285 3115 405 3187; x_wconf 83' lang='lat' dir='ltr'><strong>chreti</strong></span> <span class='ocrx_word' id='word_1_164' title='bbox 420 3117 614 3186; x_wconf 84' lang='lat' dir='ltr'>XXXVIII</span> <span class='ocrx_word' id='word_1_165' title='bbox 634 3115 815 3214; x_wconf 78' lang='lat' dir='ltr'>quasdam</span> <span class='ocrx_word' id='word_1_166' title='bbox 831 3114 1114 3189; x_wconf 85' lang='lat' dir='ltr'><strong>observationes</strong></span> <span class='ocrx_word' id='word_1_167' title='bbox 1131 3117 1290 3214; x_wconf 88' lang='lat' dir='ltr'><strong>quibus-</strong></span> 
     </span>
     <span class='ocr_line' id='line_1_25' title="bbox 285 3231 1291 3333; baseline 0.002 -29"><span class='ocrx_word' id='word_1_168' title='bbox 285 3257 371 3304; x_wconf 87' lang='lat' dir='ltr'><strong>cum</strong></span> <span class='ocrx_word' id='word_1_169' title='bbox 386 3249 552 3305; x_wconf 88' lang='lat' dir='ltr'><strong>nostram</strong></span> <span class='ocrx_word' id='word_1_170' title='bbox 568 3231 750 3305; x_wconf 86' lang='lat' dir='ltr'><strong>conferas.</strong></span> <span class='ocrx_word' id='word_1_171' title='bbox 774 3235 941 3304; x_wconf 88' lang='lat' dir='ltr'><strong>Primum</strong></span> <span class='ocrx_word' id='word_1_172' title='bbox 957 3239 1085 3333; x_wconf 83' lang='lat' dir='ltr'><strong>unae</strong></span> <span class='ocrx_word' id='word_1_173' title='bbox 1099 3259 1168 3333; x_wconf 90' lang='lat' dir='ltr'><strong>per</strong></span> <span class='ocrx_word' id='word_1_174' title='bbox 1184 3236 1291 3308; x_wconf 87' lang='lat' dir='ltr'><strong>incu-</strong></span> 
     </span>
     <span class='ocr_line' id='line_1_26' title="bbox 285 3351 1290 3450; baseline 0.006 -31"><span class='ocrx_word' id='word_1_175' title='bbox 285 3353 379 3421; x_wconf 83' lang='lat' dir='ltr'><strong>riam</strong></span> <span class='ocrx_word' id='word_1_176' title='bbox 397 3351 468 3422; x_wconf 91' lang='lat' dir='ltr'><strong>sub</strong></span> <span class='ocrx_word' id='word_1_177' title='bbox 486 3374 647 3422; x_wconf 84' lang='lat' dir='ltr'><strong>numero</strong></span> <span class='ocrx_word' id='word_1_178' title='bbox 668 3373 822 3447; x_wconf 90' lang='lat' dir='ltr'><strong>quoque</strong></span> <span class='ocrx_word' id='word_1_179' title='bbox 845 3354 933 3422; x_wconf 85' lang='lat' dir='ltr'>XIII</span> <span class='ocrx_word' id='word_1_180' title='bbox 955 3355 1112 3450; x_wconf 86' lang='lat' dir='ltr'><strong>repetita</strong></span> <span class='ocrx_word' id='word_1_181' title='bbox 1137 3368 1215 3440; x_wconf 86' lang='lat' dir='ltr'><strong>est,</strong></span> <span class='ocrx_word' id='word_1_182' title='bbox 1236 3351 1290 3426; x_wconf 84' lang='lat' dir='ltr'><strong>fe·</strong></span> 
     </span>
     <span class='ocr_line' id='line_1_27' title="bbox 284 3467 1291 3567; baseline 0.007 -31"><span class='ocrx_word' id='word_1_183' title='bbox 284 3468 411 3555; x_wconf 86' lang='lat' dir='ltr'><strong>minae,</strong></span> <span class='ocrx_word' id='word_1_184' title='bbox 430 3471 490 3540; x_wconf 90' lang='lat' dir='ltr'><strong>cui</strong></span> <span class='ocrx_word' id='word_1_185' title='bbox 514 3482 672 3538; x_wconf 70' lang='lat' dir='ltr'><strong>morture</strong></span> <span class='ocrx_word' id='word_1_186' title='bbox 689 3467 834 3541; x_wconf 89' lang='lat' dir='ltr'><strong>decima</strong></span> <span class='ocrx_word' id='word_1_187' title='bbox 862 3493 883 3540; x_wconf 88' lang='lat' dir='ltr'>a</span> <span class='ocrx_word' id='word_1_188' title='bbox 912 3485 1024 3567; x_wconf 87' lang='lat' dir='ltr'><strong>partu</strong></span> <span class='ocrx_word' id='word_1_189' title='bbox 1060 3469 1155 3560; x_wconf 63' lang='lat' dir='ltr'><strong>hore</strong></span> <span class='ocrx_word' id='word_1_190' title='bbox 1186 3485 1291 3544; x_wconf 88' lang='lat' dir='ltr'><strong>totus</strong></span> 
     </span>
     <span class='ocr_line' id='line_1_28' title="bbox 284 3581 1290 3684; baseline 0.006 -32"><span class='ocrx_word' id='word_1_191' title='bbox 284 3599 416 3655; x_wconf 87' lang='lat' dir='ltr'><strong>venter</strong></span> <span class='ocrx_word' id='word_1_192' title='bbox 430 3581 501 3656; x_wconf 83' lang='lat' dir='ltr'><strong>fuit</strong></span> <span class='ocrx_word' id='word_1_193' title='bbox 525 3583 676 3655; x_wconf 85' lang='lat' dir='ltr'><strong>flatibus</strong></span> <span class='ocrx_word' id='word_1_194' title='bbox 703 3599 864 3657; x_wconf 85' lang='lat' dir='ltr'><strong>tumens.</strong></span> <span class='ocrx_word' id='word_1_195' title='bbox 898 3585 969 3657; x_wconf 88' lang='lat' dir='ltr'><strong>Sed</strong></span> <span class='ocrx_word' id='word_1_196' title='bbox 999 3589 1179 3684; x_wconf 88' lang='lat' dir='ltr'><strong>quoniam</strong></span> <span class='ocrx_word' id='word_1_197' title='bbox 1208 3590 1290 3684; x_wconf 88' lang='lat' dir='ltr'><strong>ejus</strong></span> 
     </span>
    </p>
   </div>
   <div class='ocr_carea' id='block_1_3' title="bbox 322 3938 826 4018">
    <p class='ocr_par' dir='ltr' id='par_1_3' title="bbox 322 3938 826 4018">
     <span class='ocr_line' id='line_1_29' title="bbox 322 3938 826 4018; baseline 0.008 -21"><span class='ocrx_word' id='word_1_198' title='bbox 322 3938 366 4018; x_wconf 88' lang='lat'><strong>(1)</strong></span> <span class='ocrx_word' id='word_1_199' title='bbox 388 3945 454 3998; x_wconf 81' lang='lat' dir='ltr'><strong>Act.</strong></span> <span class='ocrx_word' id='word_1_200' title='bbox 466 3942 505 3997; x_wconf 89' lang='lat' dir='ltr'><strong>N.</strong></span> <span class='ocrx_word' id='word_1_201' title='bbox 519 3943 552 3998; x_wconf 88' lang='lat' dir='ltr'><strong>C.</strong></span> <span class='ocrx_word' id='word_1_202' title='bbox 568 3952 639 3998; x_wconf 87' lang='lat' dir='ltr'><strong>tom.</strong></span> <span class='ocrx_word' id='word_1_203' title='bbox 655 3947 687 4013; x_wconf 76' lang='lat' dir='ltr'><strong>I,</strong></span> <span class='ocrx_word' id='word_1_204' title='bbox 700 3941 763 4000; x_wconf 82' lang='lat' dir='ltr'>obs.</span> <span class='ocrx_word' id='word_1_205' title='bbox 779 3940 826 4001; x_wconf 84' lang='lat'><strong>50.</strong></span> 
     </span>
    </p>
   </div>
   <div class='ocr_carea' id='block_1_4' title="bbox 0 0 1418 4652">
    <p class='ocr_par' dir='ltr' id='par_1_4' title="bbox 0 0 1418 4652">
     <span class='ocr_line' id='line_1_30' title="bbox 0 0 1418 4652; baseline 0 0"><span class='ocrx_word' id='word_1_206' title='bbox 0 0 1418 4652; x_wconf 95' lang='lat' dir='ltr'><strong> </strong></span> 
     </span>
    </p>
   </div>
  </div>
 </body>
</html>
