2854 4660
314 451 386 523 380
479 476 526 523 nn
551 475 698 524 sacrans
723 477 767 522 er
792 475 916 524 causis
942 477 1150 525 notrorum

314 588 480 660 resoluta
497 605 593 660 esset
610 613 652 660 ea
668 613 754 686 pars
774 591 946 689 corporis
963 615 1046 688 quae
1064 591 1204 664 laesioni
1222 617 1302 664 cere·

224 733 229 742 ·
314 706 376 778 bri
393 721 471 776 erat
490 709 684 805 opposita,
703 706 875 804 quaedam
894 707 1086 781 interdum
1104 708 1303 781 aecedentes

30 861 32 952 p
159 863 170 894 s
192 866 196 874 ι
316 825 423 922 quasi
437 820 644 922 epilepticae
662 825 928 897 convulsioncs
949 850 1029 896 non
1054 827 1155 902 illam
1176 827 1302 914 minus,

30 955 31 998 l
316 965 430 1039 quam
448 967 528 1012 non
547 943 770 1030 resolutam,
786 943 987 1042 agitabant.
1013 944 1084 1016 Sed
1098 945 1249 1018 alteram
1262 945 1303 1042 (ι)

317 1085 470 1157 quoque
486 1058 603 1132 habes
620 1062 660 1130 in
679 1085 752 1158 qua
770 1086 857 1132 cum
881 1063 1023 1159 pariter
1043 1063 1208 1149 resoluta
1227 1077 1305 1134 esset

318 1201 405 1275 pars
421 1176 594 1265 aduersa,
610 1177 821 1249 convulsivi
847 1192 974 1250 motus
999 1181 1039 1248 in
1057 1203 1100 1250 ea
1119 1205 1201 1277 quae
1222 1203 1306 1251 reso·
1335 1207 1336 1210 ¹

318 1295 395 1366 luta
411 1321 491 1366 non
511 1310 606 1382 erat,
625 1294 916 1368 adnotabantur.
935 1297 1083 1368 Nullam
1098 1322 1192 1368 vero
1210 1291 1305 1368 babes

211 1449 218 1466 ⁸
269 1449 274 1463 ν
318 1415 357 1484 in
376 1437 450 1510 qua
470 1437 530 1484 res
548 1428 680 1484 contra
697 1429 810 1510 atque
830 1415 869 1484 in
889 1415 1006 1486 altera
1025 1415 1117 1502 ista,
1151 1440 1306 1488 oecurre-

318 1545 421 1602 rent:
442 1530 547 1626 quod
565 1553 652 1602 sane
681 1555 836 1628 prorsus
863 1535 1042 1604 convenit
1071 1559 1161 1605 cum
1187 1534 1307 1604 theore-

319 1661 421 1718 mate
439 1649 505 1718 illo
526 1649 713 1720 catholico
736 1649 903 1738 salienti,
923 1651 1029 1748 quod
1046 1653 1215 1749 Epistola
1232 1657 1308 1724 Ana·

320 1765 458 1836 tomica
486 1770 573 1836 XIII
601 1765 656 1863 (a)
681 1769 920 1840 memoravi:
948 1767 1016 1840 ubi
1049 1783 1178 1841 tamen
1204 1794 1308 1867 neque

321 1907 453 1954 eorum
474 1883 649 1982 dogmata
668 1885 803 1956 reticui
822 1885 895 1982 (3),
919 1888 986 1984 qui
1008 1912 1088 1958 non
1106 1889 1223 1960 modo
1238 1911 1308 1986 pro·

319 2003 462 2074 misene
481 1995 520 2071 in
542 2005 721 2074 alterutra
735 2019 841 2102 parte
859 2005 1081 2101 paralysim,
1101 2022 1169 2078 aut
1183 2004 1309 2078 convul

318 2121 462 2192 sionem
478 2120 669 2209 accidere,
685 2121 749 2192 sed
765 2137 802 2192 et
819 2123 1046 2219 plerumque
1067 2125 1230 2223 paralysi
1246 2124 1308 2221 qui·

318 2236 405 2309 dem
424 2239 717 2336 respondentem
729 2238 879 2310 vulneri
895 2255 1040 2338 partem
1058 2243 1219 2340 corripi,
1237 2265 1308 2312 con·

269 2409 273 2416 .
318 2355 490 2426 'vulsione
508 2371 633 2428 autem
654 2360 867 2454 oppositam
881 2411 891 2444 ‚
904 2357 1158 2430 tradiderunt.
1176 2359 1309 2449 Quibus

321 2499 407 2544 eum
428 2473 522 2544 adeo
535 2473 796 2546 consentiebat
826 2475 1034 2562 Ballonius,
1060 2493 1103 2548 ut
1130 2478 1256 2550 libello
1275 2474 1309 2546 dc

321 2587 632 2662 convulsionibub
653 2590 752 2662 hanc
776 2593 1014 2689 potissimum
1035 2593 1108 2664 sibi
1139 2596 1309 2693 explican-

244 2759 251 2814 ,
321 2707 407 2778 dam
421 2709 663 2804 questionem
691 2711 915 2806 sumpserit,
933 2735 1044 2807 quam
1072 2726 1109 2782 et
1132 2714 1175 2783 in
1194 2715 1266 2811 ipsa
1281 2711 1310 2780 li·

320 2824 411 2896 belli
428 2823 551 2896 fronte
568 2827 792 2924 proposuit,
812 2852 880 2898 cur
888 2834 1069 2899 sauciatis
1085 2829 1245 2902 dextera
1262 2851 1310 2901 ce·

314 2949 408 3042 pitis
422 2960 536 3042 parte
559 2945 761 3032 convulsae,
775 2969 880 3016 sance
898 2945 1032 3042 (idest
1047 2951 1231 3044 oppositae
1245 2946 1310 3017 vul-

318 3061 421 3159 neri)
424 3067 553 3160 partis
571 3068 774 3158 contingat.
792 3062 837 3134 Id
855 3078 898 3132 ut
913 3081 1124 3160 ponerent,
1141 3057 1309 3162 majorani

319 3179 495 3277 dogmata
522 3179 791 3278 impellebant,
829 3181 1035 3277 praesertim
1072 3181 1309 3281 Hippocratis,

317 3313 374 3368 tot
388 3299 480 3369 locis
491 3297 802 3395 idemrepeteutis
813 3351 823 3385 ,
836 3312 878 3368 ut
888 3299 1088 3370 Marcellus
1097 3295 1311 3392 Donatus&

319 3439 406 3484 cum
422 3414 493 3486 hos
511 3415 725 3511 singillatim
742 3415 941 3503 indicaret,
957 3441 1090 3486 eorum
1103 3473 1113 3505 ,
1127 3433 1222 3515 puto
1234 3412 1310 3503 ,nu-
