2784 5088
308 417 378 464 rur.
394 416 444 462 rr.
459 415 505 461 nn
520 389 656 462 nonius
669 390 869 477 caraune„
887 404 955 460 etc.
975 375 1163 461 nmsrfnu.
1186 391 1249 489 ,453

257 530 482 602 adnotatum
508 543 580 614 est,
613 528 720 623 cujus
744 528 840 598 latus
869 528 1038 624 corporis
1068 528 1249 600 (lexternn

257 672 347 719 curn
366 657 487 718 totum
511 661 606 718 esset
626 647 705 718 sine
721 669 851 731 sensu,
869 660 905 716 et
926 660 1030 715 motu
1042 671 1196 741 prorsus
1210 673 1249 718 re

229 772 234 787 ‘
258 765 451 852 solutum,
465 789 542 834 non
557 765 654 834 intra
674 745 860 834 siniatram
880 763 997 832 cranii
1016 778 1180 859 partem,
1200 789 1249 846 ¹ser

256 884 361 954 intra
376 883 564 954 dexteram
583 866 776 954 abscessus
788 906 865 951 non
880 882 918 950 in
934 881 1090 952 cerebro
1104 897 1246 952 tantum

256 979 394 1071 rerum
423 1001 534 1070 etiam
554 1003 592 1070 in
612 998 799 1070 cerebello
819 998 1077 1096 deprehensus
1095 996 1173 1070 fnit.
1195 1005 1249 1071 Set

259 1117 311 1188 ad
333 1132 546 1214 susceptum
565 1141 778 1188 sermonem
802 1131 841 1186 ut
859 1116 1029 1199 redeam„
1045 1141 1131 1187 cum
1150 1141 1249 1214 pauc

258 1234 358 1306 adeo
377 1234 546 1332 exempla
568 1235 641 1305 sint
656 1236 738 1304 vttae
758 1249 842 1330 post
862 1259 972 1332 grave
991 1233 1175 1305 inflictum
1196 1234 1249 1305 hu

257 1376 376 1422 mano
388 1351 575 1424 cerebello
584 1352 723 1422 vulnus
741 1351 800 1422 vel
819 1351 863 1421 ad
886 1351 999 1422 breve
1019 1367 1168 1449 tempus
1182 1377 1249 1449 pro

255 1484 404 1556 tractae3
432 1471 517 1566 quis
540 1496 584 1541 ex
613 1469 769 1540 adverso
789 1468 948 1544 doctus,
980 1483 1016 1540 et
1047 1471 1249 1542 exercitam

259 1586 466 1686 chirurgus
481 1602 536 1658 est
559 1589 627 1683 qni
646 1567 843 1686 innumera
859 1611 937 1656 non
955 1586 1101 1684 legerit,
1121 1613 1190 1658 nec
1204 1588 1249 1657 ali

254 1729 338 1802 qua
360 1706 442 1802 ipse
459 1705 593 1776 viderit
610 1704 765 1790 vulnera
787 1704 932 1776 cerebri
955 1705 1013 1775 vel
1034 1708 1176 1801 gravia,
1194 1707 1249 1776 vit

257 1822 384 1919 longe¹
402 1821 543 1892 diutins
579 1821 795 1919 producta?
816 1827 867 1892 Ex
895 1820 1049 1918 quando
1070 1822 1140 1892 hac
1161 1822 1207 1893 de
1226 1849 1249 1892 r«

220 1981 224 1986 ·
259 1939 368 2010 nulla
391 1938 541 2010 videtur
568 1965 646 2012 esse
675 1964 783 2037 posse
821 1935 1026 2025 dubitatio,
1060 1964 1249 2036 omnesqu

259 2054 449 2128 fateantur
475 2081 627 2128 necesse
652 2073 726 2144 est',
762 2057 882 2128 multo
914 2040 1084 2128 citiorem
1110 2056 1249 2129 abillis

260 2199 376 2272 quam
394 2174 441 2246 ab
466 2174 525 2245 his
547 2173 788 2262 vulneribus,
826 2189 987 2244 mortem
1017 2171 1143 2246 afferri
1176 2200 1249 2246 con

260 2293 426 2364 suevisse
453 2291 664 2380 videamus,
686 2317 778 2362 num
803 2307 839 2362 et
857 2293 1067 2362 certiorem.
1096 2291 1249 2364 Profecti

259 2411 404 2482 mortui
422 2425 510 2482 sunt
530 2435 661 2482 omnes
680 2411 735 2480 illi
759 2409 953 2507 inquibus
987 2412 1177 2495 vitiatum,
1201 2437 1249 2483 ne

199 2573 204 2578 -
260 2528 353 2599 dum
379 2530 604 2614 sauciatum,
626 2527 854 2599 cerebellum
878 2531 1249 2602 commemoravimus

258 2645 334 2717 Sed
354 2647 450 2716 utin
467 2645 687 2718 vulneribus
708 2645 970 2732 subsistamus,
999 2661 1093 2743 quot
1115 2647 1249 2720 tanden

260 2787 397 2835 eorum
418 2764 573 2834 evasisse
594 2764 770 2860 leguntur
793 2763 932 2860 quibus
958 2789 1037 2834 non
1061 2764 1191 2835 leviter
1211 2791 1249 2836 ce

258 2878 446 2952 rebellum
485 2877 620 2968 fuerit,
661 2880 726 2951 sed
771 2877 959 2977 profunde
998 2882 1235 2954 vulneratum

260 3001 372 3068 Certe
394 2997 468 3092 lruc
489 3022 567 3069 non
593 2997 749 3066 attinere
763 2997 871 3067 illum
898 2996 1020 3085 vides,
1043 2997 1091 3068 de
1121 3023 1198 3093 qno
1213 3025 1249 3070 re

259 3115 380 3184 latum
399 3114 640 3212 Platnero(1)
659 3127 730 3199 est,
748 3129 919 3184 curatum
936 3112 1049 3184 fuisse
1064 3129 1249 3212 postquam

259 3255 339 3301 non
358 3237 511 3302 minr'rna
533 3236 700 3330 occipitls
715 3255 808 3328 pars
834 3255 917 3300 cum
937 3230 1100 3301 notabili
1119 3232 1249 3316 'cortice

259 3347 433 3418 cerebelli
446 3354 623 3446 portione
638 3373 724 3419 ense
738 3346 873 3417 ablata
889 3350 1028 3436 fuerat.
1054 3351 1132 3420 Nec
1152 3353 1248 3448 magi

259 3467 420 3536 attinere
442 3465 586 3538 videbis
615 3465 839 3563 Abyssinum
864 3465 988 3552 illurn,
1024 3489 1044 3535 a
1076 3465 1249 3566 Veslingn

258 3597 393 3654 nostro
426 3583 478 3678 (2)
505 3599 685 3654 sanatum.
719 3585 898 3675 Quamvis
929 3585 1029 3654 enim
1058 3584 1194 3680 aliqui,
1227 3613 1249 3656 u

300 3866 345 3943 (ι)
367 3865 483 3924 Αᾶηοῑ.,
496 3885 584 3942 supra
598 3868 637 3923 ad
647 3887 678 3922 n.
694 3867 730 3924 26
744 3869 793 3924 cit.
824 3913 826 3918 .

301 3965 346 4046 (a)
366 3967 439 4026 Obs.
453 3978 530 4039 anat,
545 3979 574 4024 et
586 3967 679 4043 Epist.
694 3967 802 4026 medic.
818 3969 864 4025 13.
