2816 5282
207 433 276 480 ιιι.
289 434 338 480 ιιι.
356 435 402 478 un
416 432 552 480 nonnis
565 431 764 495 cernuae,
779 422 847 478 etc.
868 432 979 478 ertsr.
995 432 1065 478 mv,
1093 408 1166 504 619²

153 563 304 631 cetera,
318 549 395 618 suis
409 570 495 616 cum
511 545 617 616 libris
635 545 733 629 aliis,
750 544 854 616 hune
866 546 1000 642 iipsum
1012 563 1168 642 quoque

157 689 271 740 senex
288 664 518 736 adulescenti
537 663 700 759 benigue
723 663 875 732 miserit.

201 785 260 872 48.
292 783 342 854 dd
358 779 1171 876 violentasartusiuferioriscompressiones

156 925 261 974 casus
280 901 430 972 videtur
457 904 616 971 attinere
643 899 850 992 eujusdam
873 897 1170 984 adolescentuli,

156 1023 280 1118 quiin
299 1021 523 1092 nosocomio
552 1019 710 1090 decessit
738 1021 769 1088 S.
793 1018 917 1087 Marito
951 1017 997 1086 de
1026 1033 1171 1104 morte,

156 1138 416 1236 dissectusque
435 1129 508 1218 est,
531 1162 615 1207 cum
639 1160 708 1231 ego
730 1137 899 1204 Bononia
921 1132 1016 1206 forte
1037 1136 1171 1206 transi*

154 1281 235 1333 rem
258 1259 355 1328 inter
373 1257 477 1329 initia
494 1256 632 1328 rneusis
649 1254 747 1349 junii
763 1256 853 1323 anni
875 1279 976 1351 ¹7⁹9·

207 1381 263 1473 [29.
293 1374 534 1446 Adolescenti
566 1396 686 1444 arinos
714 1388 803 1442 nato
831 1372 877 1442 ad
910 1371 1173 1470 duodeviginti
1196 1437 1201 1462 ,

157 1493 319 1592 plaustri
345 1508 425 1564 rota
454 1517 569 1586 snper
589 1493 706 1560 imum
735 1487 812 1559 lere
834 1491 1027 1561 sinistrum
1052 1489 1172 1560 calca-

155 1637 270 1685 neum
290 1611 422 1696 ducta,
443 1613 585 1680 nuliam
603 1609 713 1678 aliurn
735 1607 900 1679 attulisse
918 1633 1055 1678 noxam
1074 1605 1172 1678 vide·
1272 1697 1277 1710 ἱ

157 1727 292 1814 hatur,
328 1729 399 1796 uisi
427 1726 531 1823 quod
561 1725 778 1824 communia
807 1725 1174 1822 avulserat·integu³

158 1853 296 1914 menta.
315 1847 415 1912 Dum
440 1843 530 1913 levis
550 1842 596 1912 ad
615 1843 780 1938 speciem
802 1868 907 1913 noxae
926 1844 1072 1913 curatio
1095 1841 1173 1912 feli-

160 1963 252 2034 citer
272 1961 515 2059 procedereu
536 1978 622 2032 ecce
642 1975 727 2056 post
746 1959 825 2031 dies
844 1961 989 2058 aliquot
1012 1961 1173 2048 collum,

161 2095 199 2151 et
213 2079 369 2152 dorsum
388 2079 507 2176 rigida
527 2077 643 2164 liunt3
664 2093 716 2147 vut
742 2081 848 2174 qnasi
871 2079 988 2149 tetaui
1008 2078 1173 2175 quodam

160 2220 298 2296 genere
314 2205 536 2295 correptus,
554 2212 656 2267 artus
677 2196 832 2292 quidem
855 2221 1007 2266 movere
1028 2214 1180 2293 posset,

160 2317 300 2388 collum
321 2331 467 2404 autem,
486 2315 722 2411 dorsumque
735 2337 813 2382 non
833 2329 969 2410 posset.
986 2319 1067 2384 Huc
1083 2315 1175 2385 illud

161 2438 335 2518 accessit,
353 2451 390 2506 ut
409 2433 1043 2533 perintervallavehementissimis
1060 2437 1175 2504 totius

163 2552 576 2651 eorporistremoribus
595 2566 876 2622 concuteretur.
896 2549 1178 2640 Quibusomni·

161 2669 234 2742 hus
252 2671 299 2742 ad
316 2661 468 2770 viginti,
487 2688 523 2743 et
540 2671 703 2769 amplius
719 2669 798 2740 dies
813 2669 861 2746 ¹ad
882 2668 986 2740 huuc
1004 2669 1178 2756 modum,

1 2865 2 2884 χ
72 2854 74 2858 ,
162 2813 250 2859 sana
267 2813 415 2886 semper
426 2805 571 2868 mente,
594 2788 899 2885 persistentibus,
916 2813 1003 2859 cum
1018 2789 1178 2861 lumbri-

164 2933 252 2979 cum
270 2923 427 2979 teretem
446 2910 676 2991 vomuisset,
701 2923 894 2978 crescente
922 2910 1059 2978 sensim
1088 2924 1179 2979 ster-

163 3041 245 3098 tore
261 3027 386 3096 vivere
407 3025 526 3095 desiit.
554 3028 640 3110 Pes,
668 3025 738 3094 sub
765 3050 957 3122 vesperam
986 3027 1178 3124 inspectus

163 3143 239 3215 diei
255 3141 423 3239 ejusdem
440 3166 517 3239 quo
535 3157 615 3212 erat
627 3145 1051 3228 mortuus,calcaneum
1063 3143 1180 3216 ferme

166 3261 242 3357 jam
255 3277 425 3333 sanatum
440 3259 616 3332 ostendit.
628 3258 858 3338 Abdomine,
870 3263 975 3358 quod
987 3263 1179 3362 turgidum

167 3393 268 3465 erat,
289 3379 462 3467 diducto,
490 3392 692 3476 conspecta
712 3393 767 3446 est
784 3402 901 3474 panca
919 3403 1015 3476 aqua
1039 3378 1181 3467 eflusa,

164 3497 341 3566 intestina
361 3513 486 3567 autem
507 3497 652 3583 omnia,
675 3511 711 3566 et
731 3495 962 3566 ventriculus
982 3519 1069 3567 sana
1094 3502 1180 3594 qui·

166 3611 275 3698 dem,
294 3612 359 3684 sed
377 3613 485 3684 valde
504 3639 590 3686 aere
605 3613 776 3686 distenta.
795 3618 898 3683 lutra
915 3614 1046 3698 colon,
1068 3641 1165 3714 prop

167 3744 225 3800 ter
236 3729 527 3826 appendiculam
542 3729 846 3818 vermiformern,
860 3730 1070 3804 lumbricus
1082 3749 1181 3808 teres

117 3921 118 3924 ,
167 3862 352 3918 mortuus.
374 3829 521 3918 Tliorax
556 3873 713 3946 quoque
733 3852 773 3920 in
802 3850 955 3922 sinistro
972 3873 1065 3922 cavo
1088 3877 1183 3950 pan-

169 3989 250 4037 eam
272 3964 404 4038 hahuit
424 3991 562 4063 aquam
578 3965 734 4039 effusam
748 4021 758 4057 ,
773 3967 873 4040 illius
891 3985 1016 4042 autem
1031 3970 1181 4068 pulmo-
