2812 4656
302 418 402 492 3001
467 443 514 494 uu
541 438 687 492 suniam
712 441 757 490 ur
782 441 907 514 causis
933 441 1146 492 noeuonun

301 555 506 628 Camerarii
522 553 597 655 (ι),
617 571 655 629 et
675 555 845 654 quaedam
864 559 1026 642 intorno
1047 557 1222 654 quiante
1241 553 1319 628 iila·

295 697 383 745 rum
408 688 608 772 utramque
632 677 792 760 exierat,
829 674 1012 746 Italorum
1043 676 1317 746 Litteratoruru

296 794 413 864 Diarii
436 792 516 891 (a);
544 794 794 890 nequeenim
826 793 886 866 vel
916 792 1019 892 apud
1059 817 1131 864 nos
1161 815 1319 891 perrara

297 925 411 998 sunt,
429 935 549 1008 eaque
565 908 737 982 mirifica.
768 914 852 1009 Ipse
868 916 979 984 etiam
1001 910 1124 999 aliud,
1144 908 1322 1008 quamvis

287 1051 382 1098 ‘cum
400 1028 445 1100 iis
463 1028 618 1100 minime
632 1027 952 1126 comperandum,
971 1042 1317 1126 magnum-tamen,

294 1143 358 1216 hic
375 1145 468 1234 vidi,
486 1171 564 1244 quo
592 1147 870 1244 generosissimi
898 1147 970 1217 viri
996 1169 1083 1218 crus
1107 1159 1238 1218 totum
1259 1169 1317 1215 ve·

294 1259 495 1334 hementer
521 1261 819 1336 distendebatur.
850 1263 961 1354 Quod
987 1263 1317 1361 incassum-apet-

294 1393 375 1450 tum
390 1383 436 1450 iri
456 1379 507 1452 oh
526 1380 604 1452 haec
619 1405 703 1478 quae
720 1381 836 1452 modo
854 1381 954 1454 dicta
967 1383 1315 1478 sunt‚pronuncia-

286 1521 446 1569 meram·
468 1496 972 1594 nequeexitusmefefeilit,
992 1525 1078 1572 cum
1092 1523 1192 1596 aeger
1208 1513 1317 1596 post·

295 1614 454 1686 modum
482 1615 735 1688 nihilominus
766 1619 885 1715 pungi
911 1617 1085 1688 voluerit.
1124 1621 1315 1686 Caeterum
1404 1675 1405 1688 .

293 1757 373 1804 non
392 1757 544 1831 possum
563 1733 703 1806 adduci
721 1751 762 1806 ut
780 1734 948 1820 credam,
978 1733 1115 1831 hujus,
1140 1749 1206 1806 aut
1227 1759 1318 1806 con·
1404 1707 1405 1816 i

294 1849 424 1923 similis
443 1854 592 1949 generis
609 1868 759 1924 tumore
769 1851 1071 1950 ‚·praeturgidum
1090 1849 1205 1922 fuisse
1231 1849 1318 1922 hra-
1404 1857 1405 1946 ζ

282 1968 419 2040 *chium
443 1971 513 2039 viri
539 1969 690 2068 dequo
719 1970 1051 2044 adValiisncrium
1080 1968 1135 2064 (3)
1159 1969 1315 2066 scripsit
1404 2025 1405 2076 ,

284 2089 558 2175 'Sancassanus
586 2113 673 2160 cum
697 2089 901 2186 primarius
926 2087 1127 2186 chirurgus
1149 2085 1313 2160 ferrum

284 2205 557 2302 impressisset,
577 2230 658 2278 eam
677 2207 752 2276 vim
768 2205 962 2304 sauguinis
979 2206 1166 2302 erupisse,
1180 2219 1221 2274 ut
1232 2203 1313 2276 chi·

284 2347 431 2420 rurgus
447 2325 630 2399 attonitus
650 2323 931 2420 hominemjam
947 2323 1025 2427 jam
1046 2323 1134 2396 inde
1146 2322 1312 2394 moritu·

290 2465 375 2512 rum
397 2444 567 2514 timeret:
592 2463 707 2516 cursu
728 2457 855 2514 autem
879 2442 1072 2540 sauguinis
1091 2440 1310 2529 desinente,

291 2583 417 2630 serum
436 2559 575 2631 multas
593 2559 854 2632 hebdomadas
884 2561 1040 2648 exiisse3
1069 2560 1196 2655 itaque
1221 2558 1313 2632 hra-

226 2703 231 2716 ‘
291 2676 421 2748 chium
441 2677 488 2748 ad
502 2677 642 2773 justam
658 2679 797 2750 molem
816 2678 1044 2766 decrevisse,
1057 2677 1164 2754 nullo
1176 2678 1309 2774 quoad

290 2793 408 2866 homo
423 2796 537 2884 vixit,
555 2795 686 2896 plures
700 2812 827 2870 autem
844 2819 967 2868 annos
980 2796 1090 2882 vixit,
1104 2795 1144 2864 in
1155 2819 1204 2864 co
1218 2811 1308 2868 artu

289 2916 489 3044 superstite
511 2913 770 2986 incommodo.
800 2915 902 2989 Facit
918 2913 1044 3012 potius
1068 2913 1099 2984 is
1117 2935 1246 3000 casus,
1264 2927 1308 2984 ut

288 3029 336 3102 in
348 3033 571 3104 memoriam
588 3034 670 3128 ejus
685 3032 839 3104 redeam
859 3057 975 3130 quem
992 3030 1039 3104 de
1062 3035 1166 3128 Rege
1189 3034 1308 3103 Lace-

288 3148 565 3222 daemoniorum
590 3150 774 3248 Agesilao
778 3150 897 3248 apud
915 3146 1246 3266 Xenophontem(
1249 3151 1304 3246 4,)

287 3266 575 3340 etRlutarchum
593 3263 652 3365 (5)
675 3267 829 3364 legeris,
840 3283 882 3394 ut
898 3249 1307 3338 illierascensuinccr·

327 3597 370 3680 (r)
391 3598 469 3656 Hist.
481 3599 567 3676 pedis
582 3599 699 3657 tumidi.

358 3699 370 3777 )
391 3702 476 3756 Tom.
494 3718 546 3775 29,
560 3710 618 3756 art.
634 3704 660 3764 4.

323 3799 371 3877 (3)
390 3800 507 3876 Opere,
520 3809 593 3855 tom.
613 3819 625 3855 1
631 3817 685 3874 ‚·p
678 3797 729 3853 ,6.

324 3899 368 3981 (4)
388 3905 458 3959 Rcr.
474 3917 596 3978 grecae.
589 3901 629 3954 .l.
645 3897 681 3956 5.
699 3895 868 3956 versusfin.
962 3965 966 3971 Δ
1045 3959 1047 3966 ,

215 4001 220 4013 ’
323 4003 369 4082 (5)
390 4006 426 4062 In
443 4001 515 4060 Vita
530 3997 672 4077 Agesilai.
