2828 4652
288 387 357 470 124
445 407 491 452 nn
517 403 662 452 seorsus
688 405 731 450 ur
757 401 880 450 causrs
906 403 1117 451 utounonuu

280 521 485 607 muissent,
506 533 543 590 et
563 515 685 615 pridie
703 516 869 613 denique
894 513 990 588 lusci
1013 517 1205 614 crassique
1220 516 1298 588 hu·

278 637 415 725 moris,
445 633 666 711 subcruenti
692 629 816 704 autem
841 633 1028 705 matutino
1051 635 1295 732 insequentis

278 751 352 823 diei
379 767 573 850 tempore,
597 753 932 849 perpaucae‘guttae
967 749 1207 822 naturalibus
1229 749 1299 820 de·

276 867 485 958 fluxissent3
503 868 648 940 obortis
674 892 694 938 a
715 866 877 967 prandio
907 869 1201 966 parturientium
1221 865 1294 938 do·

276 985 442 1076 loribus,
471 983 647 1084 perfacile
668 999 705 1056 et
724 983 829 1055 nulla
854 983 1058 1082 adjurante
1081 982 1292 1056 obstetrice

274 1106 460 1202 integram
478 1103 602 1174 adhuc
617 1102 877 1175 membranam
897 1103 1054 1173 amnion
1068 1156 1078 1190 ,
1091 1125 1180 1175 nam
1201 1100 1293 1172 cho

274 1224 360 1292 rion
385 1218 540 1293 sursum
560 1235 640 1292 erat
658 1221 893 1309 revolutum,
926 1245 1012 1292 cum
1038 1243 1184 1292 annexa
1208 1219 1294 1318 pla·¹

275 1353 385 1410 centa
404 1337 535 1410 edidit,
559 1341 649 1430 Quae
675 1339 799 1438 longis
826 1338 959 1436 saepius
988 1352 1117 1436 partus
1148 1335 1293 1406 dolori·
1335 1349 1339 1360 ·

273 1453 363 1541 bus,
380 1471 417 1531 et
434 1453 599 1545 difficili,
611 1455 794 1553 tardaque
811 1456 991 1554 placentae
1002 1455 1187 1552 ejectione
1195 1477 1291 1524 'con-

275 1569 412 1643 flictari
434 1573 524 1644 alias
552 1573 825 1661 consuevisset,
845 1597 982 1644 novam
1011 1571 1111 1644 hanc
1141 1586 1289 1642 tantam

271 1687 488 1762 facilitatem
512 1715 557 1763 eo
585 1691 702 1790 magis
730 1691 967 1780 mirabatur,
1006 1689 1122 1787 quod·
1138 1714 1228 1760 cum
1250 1704 1288 1760 et

270 1823 567 1898 menstruorum,
577 1824 614 1882 et
623 1823 752 1906 partus
763 1808 1153 1907 temporeplurimum
1163 1805 1287 1880 effun-

271 1925 360 1997 dere
380 1927 602 2026 sanguinem
627 1927 735 1998 solita
772 1942 887 2016 esset,
914 1951 1019 1998 nunc
1047 1949 1210 2025 paucus,
1240 1939 1285 1996 ut

270 2045 452 2142 prosimis
466 2047 608 2145 pariter
621 2101 631 2135 ,
642 2047 673 2116 si
683 2070 801 2117 unum
815 2046 996 2144 excipias,
1007 2044 1142 2116 diebus
1151 2044 1282 2115 exiret.

269 2167 416 2260 Atque,
436 2167 479 2235 ut
496 2163 543 2235 de
556 2179 674 2234 matre
696 2187 800 2234 nunc
819 2165 947 2234 omnia
964 2162 1178 2250 absolvam,
1198 2186 1284 2234 sur·

269 2267 372 2352 reirit'
383 2281 431 2352 ad
448 2281 557 2355 solita
568 2280 775 2352 domestica
793 2283 945 2369 munia,
970 2305 1049 2352 non
1068 2281 1281 2377 trigesimo,

269 2413 313 2469 ut
333 2416 420 2496 post
439 2400 532 2470 alios
554 2415 703 2497 partae,
724 2398 789 2470 sed
814 2401 945 2487 tertio,
971 2423 1019 2470 an
1041 2383 1177 2496 quarto
1195 2412 1283 2496 post

269 2516 346 2603 die,
365 2532 402 2588 et
414 2541 503 2588 mox
520 2518 631 2590 etiam
643 2515 757 2590 domo
774 2541 920 2614 egressa
935 2531 1145 2614 est,neque
1162 2540 1205 2587 ea
1219 2541 1280 2588 res

267 2658 346 2704 non
356 2633 519 2706 robustae
535 2635 704 2732 alioquin
717 2634 868 2706 mulieri
884 2659 989 2706 noxae
1010 2631 1080 2704 fuit
1094 2659 1104 2720 ;
1118 2621 1225 2721 iano,
1246 2634 1277 2704 si

267 2776 437 2848 unquam
450 2753 559 2841 alias,
573 2753 672 2824 bene
692 2777 730 2824 se
745 2750 898 2842 habuit,
918 2765 1124 2850 posteaque
1141 2773 1275 2822 rursus

266 2883 418 2941 uterum
438 2872 567 2968 gessit,
585 2885 621 2941 et
644 2871 786 2958 vivam,
813 2871 1039 2968 egregieque
1063 2865 1278 2942 conforma·

265 3001 341 3058 tam
359 2970 508 3086 prolem
524 2987 652 3059 edidit.

313 3105 385 3178 Sed
406 3122 539 3178 contra
558 3120 601 3176 ut
620 3103 799 3176 deformis
823 3120 919 3178 esset
940 3129 1055 3203 quam
1078 3119 1171 3176 tunc
1200 3105 1276 3201 eje-

266 3238 387 3311 cerat,
417 3224 636 3295 scribamus
670 3221 867 3311 Secundae,
895 3239 1080 3320 quantum
1103 3222 1275 3319 judicare

264 3341 389 3437 potui,
407 3340 453 3413 ab
470 3356 612 3412 naturae
634 3365 769 3412 norma
786 3365 866 3411 non
893 3338 1178 3438 discrepabant,
1202 3341 1275 3412 nisi

263 3458 369 3556 quod
395 3459 570 3557 placenta
598 3483 669 3556 pro
702 3458 880 3556 eoquod
915 3457 1009 3528 rnibi
1034 3457 1274 3556 designatum

180 3585 184 3594 '
261 3575 351 3664 fuit,
379 3578 518 3674 integri
541 3577 656 3648 amnii
680 3576 898 3666 volumine,
929 3575 1122 3672 aliquanto
1146 3578 1273 3650 minor

260 3697 338 3766 visa
352 3710 429 3783 est;
447 3694 631 3768 diametro
645 3697 746 3767 enim
764 3709 844 3766 erat
858 3709 1159 3766 transversorum
1180 3694 1272 3793 digi-

260 3826 388 3884 torum
402 3815 515 3884 trium
527 3839 611 3885 cum
623 3812 847 3884 dimidio.In
861 3813 989 3884 amnio
999 3811 1273 3897 cumsubllava‚

180 3955 181 3962 ¹
260 3943 297 4002 et
308 3929 458 4004 turbida
467 3955 580 4032 aqua,
591 3955 661 4004 nec
677 3947 804 4004 tamen
817 3927 950 4022 fetida,
964 3945 1136 4004 mortuus
1146 3921 1271 4004 infans
