3000 4658
285 467 353 524 mn,
370 466 419 512 tv.
434 468 481 513 ΒΕ
493 459 630 514 MORBIS
639 465 843 530 nulnum„
856 460 925 515 ele·
938 469 1050 516 nrts‘r.
1069 471 1116 517 Lt.
1145 447 1217 546 379

188 581 312 680 jpuris
326 579 531 678 aliquando
544 581 688 667 solum,
713 595 750 652 et
771 581 893 669 leves3
911 582 956 652 'in
984 597 1061 654 tota
1089 599 1215 658 autern

209 699 363 770 dextera
380 698 539 787 assidui,
558 723 601 771 ec
619 698 714 770 adeo
730 695 992 788 vehementes,
1013 716 1055 774 ut
1077 727 1215 802 corpus

209 815 402 888 interdurn
427 817 468 886 in
489 815 564 888 hoc
599 815 696 889 latos
726 819 875 888 curvari
902 817 1084 890 videatur.
1113 825 1216 894 Inter

209 933 289 1006 haec
304 949 431 1007 tamen
440 957 537 1032 aeger
552 957 635 1031 quae
651 935 845 1022 dicantur,
862 937 1075 1034 intelligere
1092 929 1135 1010 se'
1150 963 1215 1010 nu-

209 1051 310 1125 tibus
337 1050 511 1124 ostendit.
539 1055 827 1150 Ingravescente
854 1069 979 1125 autern
998 1057 1038 1126 in
1058 1057 1138 1129 dies
1162 1056 1217 1130 fe·

209 1169 297 1258 bre,
322 1169 488 1266 denique
506 1171 643 1242 sensim
662 1195 739 1268 prae
759 1173 898 1242 virium
923 1172 1105 1273 languore
1126 1174 1217 1248 defi-

209 1286 397 1360 cientibus
410 1287 637 1371 convulsivis
656 1287 841 1377 motibus,
861 1305 898 1361 et
915 1293 1108 1364 nonnullis
1131 1309 1216 1364 ante
1267 1309 1269 1314 '

209 1401 357 1476 obitum
377 1403 481 1477 horis
505 1405 806 1502 quiescentibus,
841 1409 939 1480 circa
965 1409 1065 1481 diem
1088 1412 1221 1485 interit

207 1522 574 1595 decimumtertium.
601 1525 749 1597 Vulnus
780 1551 858 1597 non
880 1527 997 1598 modo
1024 1544 1216 1626 tempora-

207 1641 282 1712 lem
300 1641 514 1715 musculum
536 1641 741 1722 inciderat;
762 1643 828 1715 sed
846 1655 915 1742 per
934 1645 1148 1742 subjectum
1175 1671 1217 1720 os
1253 1653 1256 1662 ‘

208 1758 282 1832 alte
312 1759 352 1830 in
379 1759 525 1832 cerebri
549 1759 796 1840 substantiam
821 1761 1078 1851 descenderat,
1114 1763 1217 1836 Dura

209 1879 364 1950 meninx
386 1893 465 1950 erat
483 1879 582 1950 circa
606 1879 746 1950 vulnus
778 1867 899 1950 multo
926 1883 1085 1954 crassior
1107 1881 1214 1955 facta.

209 1997 316 2068 Circa
333 1996 451 2083 idern,
472 1997 648 2094 intraque
661 2050 671 2085 ,
684 1997 854 2069 saniosus
872 2000 1037 2070 occurrit
1054 1999 1215 2090 humor,
1253 2051 1258 2058 -

210 2140 255 2186 ex
278 2115 386 2211 cujus
420 2103 546 2188 forsan
579 2113 749 2185 mordaci
783 2130 918 2186 natura
952 2118 1218 2191 convulsiones

194 2221 359 2305 '‘fuerant
391 2234 580 2306 excitatae:
602 2247 703 2304 certe
740 2257 827 2304 cum
853 2233 991 2306 vulnus
1017 2255 1063 2305 eo
1096 2259 1216 2332 usque

209 2351 407 2450 pervenire
434 2350 647 2440 videretur,
678 2365 720 2422 ut
750 2365 1005 2424 transversum
1038 2352 1217 2424 duntaxat

150 2449 152 2457 ’
194 2467 367 2566 ‘digitum
383 2469 430 2540 ab
448 2470 599 2542 sinistro
616 2469 828 2542 ventriculo
846 2469 1000 2544 distaret
1012 2497 1021 2560 ;
1035 2496 1114 2542 non
1125 2472 1216 2543 illuc

210 2600 337 2658 tamen
357 2611 476 2684 usque
500 2585 643 2660 ferrum
664 2588 890 2686 pervasisse,
915 2588 980 2660 sed
999 2587 1219 2688 profundio-

208 2686 289 2776 rem
307 2706 587 2776 excasationem
603 2704 650 2778 ab
670 2729 783 2778 succo
793 2705 1049 2794 erodente‚in
1059 2707 1217 2798 vulnere

210 2825 358 2918 genito,
389 2820 524 2894 factam
548 2847 627 2898 esse
652 2823 961 2924 cognoscebatur.
995 2829 1039 2898 In
1070 2825 1217 2897 cerebri

209 2940 427 3014 ventriculis
441 2941 616 3012 nonnihil
630 2942 1217 3042 stagnabatseri.Caeternn1quod

209 3057 249 3129 in
265 3057 340 3133 hoo
362 3059 502 3156 juvene
526 3059 675 3132 sinistra
705 3060 852 3133 cerebri
873 3073 978 3158 parte
1002 3061 1101 3150 laesa,
1125 3085 1217 3132 con·

210 3177 403 3250 vulsiones
425 3179 464 3249 in
495 3179 666 3276 corporis
684 3158 836 3250 dextera
866 3179 984 3285 ungis
1011 3179 1217 3265 saevierint‚

211 3295 345 3382 eodem
364 3295 534 3368 Valsalva
552 3292 793 3368 referendum
813 3292 990 3370 censebat
1007 3319 1084 3393 quo
1099 3311 1136 3368 et
1159 3321 1217 3394 pa-
1242 3327 1251 3340 ·
1302 3335 1304 3340 =

210 3415 361 3512 ralysim
376 3415 415 3486 in
426 3415 596 3513 corporis
605 3413 719 3486 latere
730 3413 907 3510 opposito
920 3411 1065 3501 cerebri
1076 3414 1216 3488 laesioni

211 3545 362 3630 semper
374 3530 421 3606 ab
439 3557 476 3605 se
490 3548 599 3604 antea
613 3531 923 3604 animadversam.

260 3651 318 3740 46.
337 3652 442 3722 Inter
462 3673 624 3746 easquae
642 3673 687 3726 ex
715 3649 798 3747 ipso
819 3647 1002 3724 hactenus
1023 3648 1216 3747 descriptae
1274 3721 1277 3744 ,

211 3779 298 3842 eunt
313 3757 610 3855 observationes,
627 3791 742 3838 unam
757 3765 812 3863 (r)
836 3766 953 3838 habes
972 3768 1011 3836 in
1036 3791 1111 3863 qua
1130 3790 1218 3843 cum

251 4019 293 4107 (t)
314 4024 357 4086 tt.
375 4043 421 4084 ιι.
