3000 4658
248 461 317 510 tm.
332 463 381 510 rv.
401 463 447 510 mr
464 455 896 530 noarrscrr1auao.,etc.
915 465 1103 513 arteman.
1132 445 1206 539 409

204 574 468 665 ostenderunt,
484 592 521 649 et
538 602 583 649 ex
597 577 656 649 his
670 579 798 650 tenuia
816 577 983 674 quodam
1000 579 1084 650 loco
1103 579 1210 676 quasi

201 689 448 781 inflammata,
468 717 539 766 nec
559 697 639 765 sine
656 695 784 791 aliquo
797 693 927 766 fetore.
944 701 1054 767 Jecur
1064 694 1212 766 durius·
1265 680 1270 694 Ι

202 809 340 880 culum.
365 811 455 883 Lien
477 811 571 883 adeo
591 812 712 898 laxus,
728 827 770 882 ut
786 811 893 883 nullo
913 813 1068 910 negotio
1084 811 1209 910 digitis
1306 821 1310 832 ’

199 942 325 1024 posset
338 927 510 1026 discerpi,
532 929 709 1016 Hernias,
729 942 765 999 et
781 927 942 1000 laceram
961 953 982 1000 a
998 929 1123 1026 pylori
1140 953 1208 998 ana·

199 1043 293 1116 nulo
313 1045 542 1142 pendentem
562 1045 759 1134 laciniam,
776 1047 917 1144 quippe
937 1046 1027 1118 alibi
1046 1045 1101 1143 (ι)
1121 1047 1208 1118 satis

144 1143 147 1150 ,
200 1159 424 1260 descriptas,
438 1179 479 1234 ut
489 1156 660 1234 undenas
681 1187 833 1260 quoquc
851 1163 1006 1262 singulis
1026 1165 1066 1234 in
1083 1163 1209 1236 lateri.

199 1277 273 1350 bus
295 1289 437 1367 costas,
459 1281 498 1350 in
514 1279 744 1377 Adversariis
764 1279 819 1376 (a)
838 1295 1083 1368 memoratas,
1113 1305 1208 1378 prae-
1292 1295 1295 1300 ’

199 1395 390 1484 termitt0,
411 1421 498 1468 cum
515 1397 602 1468 satis
625 1395 687 1468 bic
716 1397 762 1468 sit
779 1395 965 1484 indicare,
989 1399 1028 1466 in
1044 1396 1118 1468 hoc
1137 1397 1208 1467 ho·

202 1513 304 1586 mine
324 1513 386 1584 illa
409 1511 533 1585 fuisse.
564 1518 609 1584 In
635 1512 839 1611 thyroidaea
869 1507 994 1586 autem
1030 1515 1210 1612 glandula·

201 1629 280 1702 lobi
293 1631 445 1702 alterius
460 1629 678 1703 inferiorem
697 1647 842 1729 partem
862 1631 1059 1729 globulum
1077 1633 1209 1730 majus-

203 1748 352 1837 culum,
371 1747 544 1846 duosque
561 1749 650 1820 item
663 1747 754 1821 alios
771 1748 947 1822 habuisse
968 1749 1059 1822 lenti
1072 1749 1207 1821 bumo-
1246 1807 1251 1830 ,

202 1866 254 1938 ris
269 1866 402 1964 plenos
418 1921 427 1952 ,
460 1866 601 1937 idcirco
619 1880 822 1964 praetereo,
850 1867 955 1964 quod
984 1869 1023 1940 in
1041 1868 1122 1940 aliis
1145 1892 1209 1940 sac·

202 1985 285 2082 pius
303 1983 487 2080 ejusmodi
517 2007 577 2054 res
603 1985 906 2055 commemoravi.
936 1983 1103 2056 Thorace
1124 2009 1207 2082 quae

202 2102 507 2186 continerentur,
528 2115 676 2200 praestat
691 2099 915 2186 adscribere.
937 2103 1113 2173 Anterior
1130 2102 1208 2200 pul-

198 2243 355 2290 monum
370 2217 480 2291 facies
498 2233 577 2290 erat
591 2243 661 2317 per
677 2219 915 2290 membranas
927 2218 973 2289 ad
988 2234 1120 2317 pectus
1141 2243 1207 2290 an·

200 2361 306 2412 nexa.
329 2339 404 2436 Ipsi
420 2361 603 2434 nusquam
617 2337 704 2408 duri
717 2364 726 2426 ;
737 2352 772 2408 ait
784 2361 1001 2437 quanquam
1014 2361 1084 2408 nec
1097 2361 1208 2409 crura

199 2436 416 2545 tumebam,
451 2479 521 2527 nec
552 2455 685 2554 pedes,
716 2479 814 2552 aqua
844 2451 1062 2528 circumfusi
1100 2471 1208 2528 erant

197 2573 317 2644 multa
333 2599 343 2661 ;
360 2573 493 2660 rubra,
509 2588 545 2644 et
558 2574 752 2670 aliquanto
780 2573 959 2670 pauciore
975 2571 1140 2661 sinister,
1161 2597 1207 2644 ex
1298 2619 1299 2628 .

200 2691 312 2760 viridi
335 2689 506 2763 sublutea
532 2689 672 2762 dexter.
694 2695 725 2761 A
746 2689 886 2762 dextris
904 2713 1057 2787 quoque
1075 2689 1207 2788 pleura

201 2822 282 2880 erat
298 2807 520 2905 putrida,ut
539 2832 617 2878 non
632 2807 749 2878 modo
769 2805 941 2878 facillime
960 2806 1204 2896 avelleretur,
1224 2871 1228 2878 .
1287 2880 1288 2884 ,

103 2945 105 2950 ·
204 2924 269 2998 sed
285 2922 415 2996 frustis
436 2947 504 3021 per
524 2947 561 2994 se
582 2923 718 2995 avulsis
734 2925 773 2994 in
789 2924 851 2994 illa
866 2947 963 3020 aqua
987 2938 1149 3012 nataret,
1172 2941 1209 2996 et

201 3042 395 3141 pulmonis
413 3039 658 3128 membrana,
677 3065 759 3137 quas
777 3065 865 3112 sana
878 3041 958 3137 ipsa
978 3033 1206 3129 erat,'adhae-

201 3183 305 3247 rens,
331 3183 403 3256 pus
426 3159 660 3228 mentiretur.
697 3151 952 3227 Pericardiuni
980 3156 1205 3250 subrubram

201 3301 337 3374 aquam
349 3303 359 3362 3
372 3298 439 3345 cor
448 3274 666 3373 sangninem
676 3297 895 3372 spumosum
905 3272 1056 3356 habuit;
1069 3251 1206 3373 magna

201 3419 247 3468 ex
273 3393 387 3464 corde
419 3393 545 3463 oriens
573 3391 707 3462 arteria
739 3391 1019 3462 concretionem
1046 3393 1206 3491 polypo·

200 3535 288 3582 sam.
311 3509 498 3606 Siucipitis
514 3509 702 3578 vulnerati
719 3531 760 3578 os
775 3506 927 3605 patebat
954 3509 1001 3580 ad
1020 3511 1206 3608 sesquidi÷

200 3628 338 3727 gnum,
354 3625 553 3714 livescant,
571 3640 609 3698 et
627 3625 800 3698 circulari
821 3625 928 3726 quasi
943 3627 1090 3698 sulculo
1106 3651 1208 3698 com.

243 3909 287 3988 (ι)
308 3913 403 3987 Epist.
422 3913 519 3982 lim.
530 3913 583 3980 31,
599 3919 628 3964 et
640 3910 735 3985 Epist.
754 3899 806 3988 29⁴,
820 3931 852 3968 n.
866 3931 912 3984 17,

238 4009 280 4096 (a)
302 4015 341 4076 11.
355 4011 494 4080 Animad.
510 4013 558 4086 32,
572 4009 605 4068 in
616 4005 669 4074 fin,
