2812 4656
269 433 342 484 200
429 433 477 480 nt
503 431 650 479 sturnus
674 433 719 478 ET
743 431 870 480 ctusts
894 431 1106 482 MORBORUH

271 544 488 633 terrebant,
516 542 735 618 felicissimae
764 543 935 641 ejusdem
961 569 1051 644 ope,
1075 549 1282 645 promptis·

270 663 758 761 simaequeperniciosarum
776 659 937 734 febrium
946 665 1283 762 curationes,quas

270 807 294 854 a
311 779 423 852 nobis
441 803 595 877 quoque
612 781 653 850 in
667 779 860 878 pluribus,
877 780 1162 880 splendidisque
1173 775 1282 854 etiam

268 899 443 998 personis
459 897 535 992 jam
561 911 647 968 aute
671 896 813 970 multos
839 922 964 970 annos
988 913 1159 997 peractas
1182 897 1285 970 vide-

267 1030 380 1103 runt,
403 1016 442 1084 in
472 1013 667 1084 meliorem
688 1013 878 1088 adducere
904 1030 1115 1114 potuerunt
1135 1031 1284 1088 senten·

270 1133 373 1204 tiam.
394 1131 465 1204 Sed
480 1131 589 1228 justi,
612 1156 691 1230 quo
711 1132 923 1206 remedium
941 1132 1017 1206 boc
1027 1127 1285 1204 exhibendum

270 1267 328 1325 est
340 1267 360 1340 ,'
370 1251 552 1348 temporis
575 1251 708 1322 notitia
733 1250 928 1324 medentes
955 1248 1084 1350 fugere
1104 1275 1286 1322 nonnun-

192 1447 195 1454 ,
271 1393 389 1466 quam
413 1367 667 1466 potest,'non
693 1383 768 1440 tam
794 1393 927 1440 eorum
944 1370 985 1438 in
1011 1367 1288 1466 praesentiendo

271 1464 536 1557 imminentem
553 1487 760 1583 perniciem
778 1487 947 1573 incuria,
965 1509 1081 1583 quam
1103 1509 1212 1574 casu,
1227 1510 1290 1556 ve·

273 1603 333 1674 lut
357 1601 494 1674 accidit
519 1603 559 1672 in
590 1602 771 1674 cardinali
808 1604 1109 1676 eminentissimo
1145 1608 1291 1674 Joanne

273 1723 473 1794 Francisco
492 1718 718 1811 Barbadico,
732 1746 846 1819 quem
862 1720 1018 1794 exitialis
1032 1717 1151 1792 febris
1170 1745 1292 1818 acces·

186 1883 189 1894 ·
276 1841 334 1912 sio
352 1839 632 1938 propemodum
650 1838 797 1912 sustulit
810 1840 1033 1937 priusquam
1049 1837 1155 1910 febre
1174 1837 1293 1910 teneri

277 1958 403 2056 ipsum
429 1956 623 2056 periodica
652 1957 740 2029 sciri
754 1970 890 2054 posset.
906 1960 979 2030 Res
992 1982 1061 2054 per
1075 1981 1131 2043 se,
1150 1955 1292 2028 nedum

279 2077 368 2173 quia
393 2077 432 2146 in
451 2077 624 2173 principe
636 2077 719 2146 viro
739 2075 912 2172 contigit,
925 2075 1033 2171 cujus
1050 2073 1120 2146 tibi
1137 2073 1229 2146 alias
1243 2070 1293 2169 (1)
1329 2100 1334 2112 ·

277 2195 524 2266 novissimum
551 2193 733 2266 morbum
760 2193 963 2290 descripsi,
990 2216 1079 2264 sane
1097 2191 1214 2290 digna
1242 2206 1295 2262 est

279 2337 363 2410 quae
385 2327 716 2423 commemoretur.
745 2315 840 2382 Cum
860 2311 962 2382 enim
987 2311 1107 2382 statim
1132 2309 1204 2382 sub
1225 2333 1297 2380 me-

279 2428 416 2500 ridiem
428 2453 466 2500 se
482 2430 522 2498 in
538 2426 757 2501 cubiculum
767 2428 995 2516 inclusisset,
1009 2452 1138 2524 neque
1159 2426 1295 2498 ostium

280 2544 377 2616 hora
393 2570 468 2643 qua
486 2544 650 2632 solebat,
683 2544 896 2618 recluderet
910 2572 920 2636 3
941 2543 1099 2634 famuli,
1115 2543 1213 2614 nibil
1229 2545 1299 2643 pri·

280 2689 407 2751 mum,
432 2663 504 2736 nisi
521 2665 634 2736 sacris
652 2664 849 2762 precibus,
871 2679 937 2736 aut
961 2663 1124 2736 lectione
1154 2662 1295 2736 diutius

284 2781 467 2870 detineri,
485 2797 617 2879 postea
640 2797 765 2854 autem
795 2808 882 2854 cum
905 2784 984 2880 jam
1008 2782 1294 2880 advesperasce-

282 2914 362 2988 ret,
381 2901 470 2971 mali
486 2900 631 2998 aliquid
645 2901 984 3000 suspicati,ostium
995 2900 1149 2990 leniter,
1160 2899 1295 2972 deinde

286 3043 373 3112 cum
399 3018 647 3118 responderet
670 3044 807 3108 nemo,
836 3019 1020 3110 validius,
1052 3017 1119 3092 sed
1139 3015 1296 3106 frustra,

285 3137 493 3233 pulsantes,
517 3137 861 3237 inclamantesque,
890 3137 1055 3236 denique
1081 3161 1150 3236 per
1175 3135 1297 3210 fenes-

223 3231 226 3252 ’
285 3268 384 3325 tram
415 3256 591 3354 ingressi,
611 3254 748 3327 herum
784 3257 864 3329 sine
892 3280 1008 3344 voce,
1041 3279 1172 3342 sensu,
1193 3269 1298 3326 motu

284 3372 472 3465 jacentem
492 3374 730 3446 invenerunt.
760 3376 973 3449 Accersitus
999 3357 1200 3448 confestim
1227 3397 1298 3444 me·

222 3480 226 3488 ’
288 3486 397 3560 dicus
415 3504 550 3586 praeter
570 3488 648 3562 haec
665 3491 782 3580 mala,
810 3517 892 3589 quae
922 3506 1049 3564 tamen
1084 3491 1203 3586 magis
1226 3514 1299 3560 ma·

290 3607 420 3704 gisque
445 3607 521 3700 jam
544 3608 806 3695 remittebant,
834 3609 1074 3681 convulsivos
1097 3606 1295 3678 tendinum

330 3974 375 4054 (1)
395 3976 488 4054 Epist.
508 3979 558 4054 13,
575 3999 606 4036 u.
623 3980 650 4038 3.
