2854 4660
348 447 418 524 338
512 471 560 516 os
586 467 732 517 scurrus
758 469 802 516 rr
827 467 952 516 cruere
977 469 1186 521 nonnosum

347 582 724 682 cumqueadreniat‚
755 583 870 675 (nam
901 581 961 654 vel
985 581 1034 656 ab
1062 599 1250 664 senectute
1266 586 1327 682 ipsa

344 704 425 776 fieri
441 700 646 774 censebant
662 715 827 785 veteres,
851 716 889 772 et
905 701 945 774 in
964 700 1023 772 bis
1039 701 1252 781 Liebautius
1271 704 1329 797 (il)

344 822 482 907 molem
496 819 696 890 imminuat
708 817 874 905 cerebri,
893 832 946 905 et,
965 819 1070 915 quod
1088 822 1329 918 consequitur,

344 964 364 1011 a
398 938 564 1008 calvariae
601 933 746 1006 fornice
782 934 968 1022 retrabat,
999 955 1151 1010 necesse
1182 951 1244 1012 est.
1271 938 1329 1010 Lit-

343 1058 437 1128 trius
463 1053 518 1149 (α)
539 1067 639 1124 certe
666 1067 703 1124 et
730 1052 879 1149 qualem
908 1052 1069 1125 dicimus
1098 1055 1326 1128 ,substantiam

343 1173 506 1258 cerebri,
527 1187 564 1252 et
578 1196 599 1244 a
611 1171 741 1242 eranio
754 1195 835 1242 non
853 1168 1001 1244 modice
1012 1171 1213 1248 distantem
1231 1169 1326 1245 offen·

342 1294 397 1366 dit
415 1293 454 1364 in
475 1289 633 1362 robusto
643 1289 781 1382 juvene
794 1338 804 1376 ‚
815 1289 883 1385 qui
894 1288 1223 1366 vehementissimo
1237 1313 1326 1362 cursu

342 1424 455 1507 caput
484 1419 625 1504 quanta
655 1407 816 1479 maxima
846 1408 895 1476 vi·
914 1408 1059 1504 potuit,
1092 1408 1140 1480 ad
1172 1409 1324 1505 parietem

341 1524 566 1611 allidens,se
583 1537 727 1620 puncto
745 1525 928 1620 temporis
947 1522 1198 1600 interfecerat.
1215 1529 1325 1616 Quam·

270 1707 274 1716 ,
342 1645 537 1714 visentem
561 1665 642 1712 eam
662 1641 808 1713 cerebri
838 1643 1150 1719 constitutionem
1178 1645 1253 1741 ipse
1273 1664 1325 1738 pro

342 1760 601 1846 concussionis
621 1756 757 1832 effectu
785 1759 948 1847 babeat3
969 1775 1082 1834 eruut
1107 1758 1259 1834 sortasse
1275 1755 1323 1854 qui

343 1903 428 1952 curn
451 1882 593 1948 Dureto
619 1901 690 1974 pro
719 1901 829 1952 causa
861 1876 1001 1952 habere
1029 1879 1166 1952 malint
1194 1897 1323 1952 concur·

343 1999 457 2072 sionis
473 1995 784 2082 vehementioris;
799 1996 921 2068 multo
934 1982 1060 2071 autem
1082 1996 1214 2094 plures
1232 1994 1324 2068 calva·

341 2117 433 2188 riam
445 2115 601 2186 minime
614 2111 768 2186 fractam
781 2167 791 2202 ‚
805 2113 961 2211 ejusque
978 2113 1026 2188 ad
1039 2138 1186 2212 corpus
1198 2114 1322 2194 durum,

343 2250 378 2308 et
415 2231 610 2306 immobile
638 2231 860 2305 allisionem.
898 2235 1006 2306 Nosti
1036 2236 1139 2306 enim
1169 2246 1321 2331 quantun

340 2354 490 2450 utrique
510 2351 599 2422 huic
617 2374 734 2422 causae
751 2351 1013 2424 concussionis
1036 2350 1187 2427 cerebri
1212 2375 1232 2421 a
1258 2346 1317 2420 chi·

339 2471 463 2567 rurgis
476 2467 753 2540 recentioribus
769 2467 978 2555 tribuatur,
995 2468 1171 2543 secundae
1190 2464 1315 2565 quidem
1382 2459 1383 2533 l

339 2603 540 2686 propterea
558 2585 662 2682 quod
676 2587 865 2656 cerebrum
873 2591 1062 2681 agitatum
1076 2609 1208 2660 uersus
1218 2601 1320 2679 corpus
1381 2565 1382 2638 i

340 2703 476 2774 durum
488 2755 498 2789 ‚
509 2717 547 2772 et
559 2717 659 2773 retro
670 2699 826 2800 pulsum
836 2727 909 2800 per
924 2700 1023 2780 illud
1031 2755 1042 2788 ,
1066 2704 1169 2776 subit
1179 2724 1247 2775 uuo
1260 2719 1319 2768 mo·

339 2836 463 2896 mento
481 2820 576 2892 duos
595 2835 718 2892 motus
735 2827 945 2892 contrarios
951 2847 964 2906 ;
979 2820 1109 2917 primae
1126 2840 1237 2906 vero,
1251 2812 1315 2913 quia

339 2945 374 3011 si
388 2945 557 3010 cranium
575 2963 653 3010 non
666 2939 880 3032 frangitur,
909 2952 1007 3010 totus
1026 2943 1185 3036 impetur
1196 2953 1317 3036 percut-

337 3063 452 3130 sionis
478 3057 653 3152 dirigitur
679 3055 746 3126 ad.
767 3057 978 3142 cerebrum,
1009 3057 1153 3154 quippe
1179 3052 1273 3128 nulla
1287 3070 1317 3120 ex

337 3191 443 3276 parte
462 3181 685 3271 interceptus
712 3196 733 3242 a
751 3197 887 3272 magna
905 3171 1091 3262 fractura,
1109 3190 1175 3248 aut
1196 3171 1239 3246 ab
1261 3185 1317 3242 out

338 3299 376 3364 in
385 3293 503 3391 plura
511 3294 643 3382 frusta
658 3289 851 3382 dr'ffiacto.
870 3295 946 3364 Cur
960 3291 1095 3390 igitur,
1109 3292 1314 3390 inquis,cuu

337 3412 377 3480 in
386 3433 474 3484 sene
486 3433 602 3504 quem
610 3407 725 3480 modo
735 3433 780 3480 ex
789 3407 957 3480 Valsalva
965 3405 1314 3507 descripsistimequt

338 3551 456 3598 causae
469 3525 707 3596 deessenthae
718 3525 817 3614 dure,
834 3541 949 3624 caput
960 3527 1061 3598 enirn
1072 3527 1119 3598 ad
1130 3526 1243 3598 solum
1257 3515 1312 3590 alli-

336 3660 443 3733 serat,
457 3631 795 3740 craniuniquelnon
804 3643 966 3717 habebat
975 3642 1227 3742 perfractumt,
1236 3652 1266 3708 et
1274 3645 1311 3704 tol

339 3806 1308 3840 *w

373 3926 418 4004 (1)
441 3925 542 3984 Schol.
558 3927 596 3984 ad
609 3927 720 3984 Holler.
735 3945 842 3984 comm.
855 3925 886 3982 in
899 3927 1043 4003 Hippocr.
1058 3929 1128 4015 eph.
1141 3927 1191 3998 58,
1203 3945 1224 3982 e.
1236 3939 1260 3992 7.

375 4028 419 4106 (a)
438 4027 514 4086 Hist.
530 4027 567 4087 de
579 4027 692 4085 l'Acad.
705 4046 769 4104 roy.
785 4027 837 4084 des
855 4029 923 4101 Sc,
937 4046 986 4086 an.
1002 4027 1097 4102 ¹7⁰5,
1109 4029 1173 4088 obs.
1184 4031 1253 4084 auat.
1266 4031 1298 4072 m.
