2854 4660
306 455 376 528 368
469 477 516 524 oa
543 473 759 526 srnrausxr
784 471 909 522 causis
934 473 1145 522 uoaaoxun
1174 503 1178 512 .

304 591 490 664 dissecare
502 590 582 686 ipse
599 612 678 658 nou
698 589 831 685 potuit.
846 591 987 659 Tamen
1008 613 1091 685 quae
1116 587 1166 658 ab
1186 590 1320 660 amicis

305 710 371 806 qui
391 707 666 792 disserueram,
685 705 800 776 relata
820 720 928 790 sunt,
957 709 1068 776 Petro
1085 705 1321 792 Molineliio,

305 841 341 898 et
357 832 375 898 J
380 849 503 896 oanue
524 825 690 894 Antonio
704 822 994 910 Guicciardino‚
1025 823 1213 894 adnotare
1241 849 1322 894 non

304 943 439 1016 omisit.
461 947 633 1012 Fructum
651 956 731 1010 erat
745 943 915 1010 cranium
931 942 1005 1026 sic,
1029 954 1071 1012 ut
1088 939 1168 1010 duo
1181 965 1323 1039 magua

305 1062 385 1157 ejus
412 1057 639 1156 fragmenta,
670 1059 777 1154 quasi
804 1057 903 1129 facto
929 1060 1070 1155 angulo
1105 1063 1322 1130 introrsum

304 1195 500 1264 contrusa,
529 1203 608 1248 non
626 1193 742 1274 parvo
762 1175 865 1246 illato
881 1176 1123 1274 meningibus
1139 1178 1323 1263 vulnere,

302 1297 451 1395 ipsique
471 1293 649 1381 cerebro,
667 1295 704 1364 in
730 1293 845 1388 hujus
868 1293 1116 1366 substantiam
1144 1295 1194 1366 ad
1225 1295 1323 1366 duos

290 1412 584 1512 ‘propemodum
613 1427 846 1482 transversos
876 1410 1013 1508 digitos
1043 1426 1323 1508 penetrassent.

304 1536 394 1602 Erat
406 1534 447 1600 in
466 1553 512 1603 eo
536 1529 682 1600 cerebri
698 1529 854 1601 vnlnere
875 1544 1073 1602 concretus
1090 1534 1269 1628 sanguis,
1290 1547 1326 1603 et

306 1650 487 1746 sanguine
512 1671 599 1720 vasa
624 1671 779 1744 quoque
797 1648 980 1743 majorem
996 1650 1036 1719 in
1061 1648 1225 1720 modum
1245 1666 1326 1722 tur-

306 1761 454 1867 gebant.
488 1770 589 1838 Dum
617 1764 817 1838 cerebrum
843 1790 863 1836 e
900 1768 1030 1838 cranio
1063 1769 1324 1856 eximeretur,

305 1887 431 1983 aliqua
445 1887 518 1958 seri
532 1884 657 1982 portio
672 1883 877 1980 prodierat.

355 2003 412 2076 36.
431 2002 542 2094 Quod
551 2004 751 2073 acervatim
763 2016 821 2073 tot
839 2001 1122 2076 observationes
1138 2003 1218 2074 buc
1235 2031 1326 2078 con·

306 2147 433 2221 geram
461 2146 540 2192 non
557 2136 633 2192 tam
648 2118 840 2190 brevitatis
857 2143 965 2190 causa
982 2117 1098 2208 facio,
1126 2145 1219 2191 cum
1250 2147 1326 2194 res·

306 2256 387 2314 tent
424 2263 503 2310 nou
527 2263 656 2336 paucae
683 2261 778 2334 quas
803 2238 994 2334 adjiciam,
1021 2263 1136 2336 quam
1162 2263 1210 2310 ne
1239 2265 1326 2312 cre-

305 2359 412 2430 brius
440 2355 590 2430 easdem
626 2371 795 2452 repetam
836 2356 1191 2429 animadversiones.
1228 2359 1324 2450 Quae
1425 2409 1426 2442 ,

306 2476 470 2550 enimin
502 2474 632 2571 quavis
657 2473 806 2544 illarum
832 2473 1064 2546 videbuntur
1093 2476 1207 2573 digna
1237 2503 1325 2574 quae

305 2594 422 2688 magis
435 2589 699 2678 attendantur,
718 2587 816 2661 infra
841 2593 918 2663 suis
935 2616 1090 2688 quoque
1105 2593 1200 2664 locis
1216 2619 1324 2666 com·

306 2707 538 2782 memorabo.
558 2712 706 2780 Interea
720 2723 845 2780 autem
865 2734 944 2780 non
963 2710 1224 2783 subsistamus.
1248 2713 1323 2786 Sed

307 2826 409 2930 quod
426 2827 466 2896 in
484 2825 652 2923 depressi
667 2828 789 2902 ,cranii
806 2827 987 2924 exemplis
1013 2826 1193 2937 fecimus,
1229 2831 1322 2904 alias

305 2970 421 3044 porro
436 2942 563 3031 fracti,
577 2942 700 3016 fissive
713 2941 994 3018 observationes
1010 2945 1270 3041 subjiciamus.

274 3073 278 3082 '
355 3063 412 3161 37.
430 3064 582 3134 Femina
597 3063 875 3161 quinquaginta
898 3087 1019 3135 annos
1039 3079 1148 3151 nata,
1173 3090 1195 3135 e
1220 3067 1321 3142 scala

305 3205 470 3282 praeceps
490 3181 529 3251 in
546 3195 683 3252 terram
703 3179 812 3252 cadit.
845 3182 993 3293 Vulnus
1020 3185 1320 3279 supr·a··oculum

306 3301 497 3372 sinistrum
517 3313 694 3396 apparet;
712 3297 856 3369 tumida
880 3315 1001 3382 est,et
1023 3299 1162 3397 pallida
1184 3299 1318 3375 facies:

304 3416 417 3488 livida
429 3431 623 3512 tempora:
646 3439 691 3488 ex
703 3441 769 3487 ore
791 3417 941 3516 sanguis
956 3418 1040 3488 exit.
1059 3417 1164 3488 Nihil
1178 3421 1320 3502 mulier
1424 3435 1425 3440 ’

305 3532 495 3627 intelligit,
512 3531 607 3604 nihil
625 3534 753 3621 sentit,
770 3535 888 3621 nibil,
905 3536 1105 3606 cimanum
1120 3535 1317 3608 dexteram

306 3649 487 3755 excipias,
522 3666 681 3737 movet,r
703 3675 862 3747 eamque
890 3653 1079 3750 paulisper
1112 3653 1314 3740 duntaxat,

304 3768 456 3854 leviter,
477 3789 520 3837 ac
544 3765 727 3838 debiliter.
758 3773 859 3839 Hora
881 3771 1043 3840 moritur
1066 3796 1087 3840 a
1113 3771 1221 3868 lapsu
1247 3771 1315 3842 de-

305 3889 401 3958 cima
420 3885 562 3982 quinta.
597 3886 785 3982 Siucipitis
815 3903 968 3959 externa
997 3887 1187 3960 rubebant
1215 3889 1315 3960 inte·

305 4008 554 4104 gumenta.1n
577 4027 680 4090 osse,
710 4020 855 4101 partem
879 4004 1010 4077 orbitae
1039 4007 1182 4078 sinistri
1210 4004 1313 4078 oculi
