<?xml version="1.0" encoding="UTF-8"?>
<!DOCTYPE html PUBLIC "-//W3C//DTD XHTML 1.0 Transitional//EN"
    "http://www.w3.org/TR/xhtml1/DTD/xhtml1-transitional.dtd">
<html xmlns="http://www.w3.org/1999/xhtml" xml:lang="en" lang="en">
 <head>
  <title>
</title>
<meta http-equiv="Content-Type" content="text/html;charset=utf-8" />
  <meta name='ocr-system' content='tesseract 3.04.00' />
  <meta name='ocr-capabilities' content='ocr_page ocr_carea ocr_par ocr_line ocrx_word'/>
</head>
<body>
  <div class='ocr_page' id='page_1' title='image "./desedibusetcaus03adelgoog_0397.png"; bbox 0 0 2854 4660; ppageno 0'>
   <div class='ocr_carea' id='block_1_1' title="bbox 194 473 1136 571">
    <p class='ocr_par' dir='ltr' id='par_1_1' title="bbox 194 473 1136 571">
     <span class='ocr_line' id='line_1_1' title="bbox 194 473 1136 571; baseline 0.002 -27"><span class='ocrx_word' id='word_1_1' title='bbox 194 497 263 545; x_wconf 83' lang='lat' dir='ltr'>m.</span> <span class='ocrx_word' id='word_1_2' title='bbox 279 493 327 546; x_wconf 76' lang='lat' dir='ltr'>ir.</span> <span class='ocrx_word' id='word_1_3' title='bbox 346 493 543 542; x_wconf 68' lang='lat' dir='ltr'>arnonus</span> <span class='ocrx_word' id='word_1_4' title='bbox 556 495 754 558; x_wconf 72' lang='lat' dir='ltr'>catanam,</span> <span class='ocrx_word' id='word_1_5' title='bbox 772 483 840 543; x_wconf 83' lang='lat' dir='ltr'>etc.</span> <span class='ocrx_word' id='word_1_6' title='bbox 861 495 973 543; x_wconf 71' lang='lat' dir='ltr'>amsa.</span> <span class='ocrx_word' id='word_1_7' title='bbox 989 497 1035 542; x_wconf 80' lang='lat' dir='ltr'>m.</span> <span class='ocrx_word' id='word_1_8' title='bbox 1066 473 1136 571; x_wconf 82' lang='lat'>393</span> 
     </span>
    </p>
   </div>
   <div class='ocr_carea' id='block_1_2' title="bbox 117 608 1193 2820">
    <p class='ocr_par' dir='ltr' id='par_1_2' title="bbox 117 608 1193 1764">
     <span class='ocr_line' id='line_1_2' title="bbox 129 608 1138 708; baseline 0 -26"><span class='ocrx_word' id='word_1_9' title='bbox 129 609 379 708; x_wconf 79' lang='lat' dir='ltr'><strong>responderet</strong></span> <span class='ocrx_word' id='word_1_10' title='bbox 410 610 581 706; x_wconf 87' lang='lat' dir='ltr'>corporis</span> <span class='ocrx_word' id='word_1_11' title='bbox 609 609 725 680; x_wconf 88' lang='lat' dir='ltr'>lateri.</span> <span class='ocrx_word' id='word_1_12' title='bbox 766 613 808 676; x_wconf 93' lang='lat' dir='ltr'>In</span> <span class='ocrx_word' id='word_1_13' title='bbox 839 608 1004 704; x_wconf 73' lang='lat' dir='ltr'>Epistola</span> <span class='ocrx_word' id='word_1_14' title='bbox 1035 612 1138 682; x_wconf 87' lang='lat' dir='ltr'>enim</span> 
     </span>
     <span class='ocr_line' id='line_1_3' title="bbox 128 725 1140 822; baseline -0.003 -21"><span class='ocrx_word' id='word_1_15' title='bbox 128 728 350 801; x_wconf 75' lang='lat' dir='ltr'>Anatomica</span> <span class='ocrx_word' id='word_1_16' title='bbox 370 731 451 798; x_wconf 90' lang='lat' dir='ltr'>Xlll</span> <span class='ocrx_word' id='word_1_17' title='bbox 481 731 491 804; x_wconf 80' lang='lat' dir='ltr'>l</span> <span class='ocrx_word' id='word_1_18' title='bbox 504 742 535 820; x_wconf 84' lang='lat' dir='ltr'>i)</span> <span class='ocrx_word' id='word_1_19' title='bbox 559 751 635 797; x_wconf 88' lang='lat' dir='ltr'>nou</span> <span class='ocrx_word' id='word_1_20' title='bbox 664 726 824 795; x_wconf 85' lang='lat' dir='ltr'>al&#39;orum</span> <span class='ocrx_word' id='word_1_21' title='bbox 852 725 972 796; x_wconf 85' lang='lat' dir='ltr'>modo</span> <span class='ocrx_word' id='word_1_22' title='bbox 995 726 1140 822; x_wconf 84' lang='lat' dir='ltr'>aliquot</span> 
     </span>
     <span class='ocr_line' id='line_1_4' title="bbox 128 841 1182 942; baseline -0.004 -24"><span class='ocrx_word' id='word_1_23' title='bbox 128 843 365 942; x_wconf 84' lang='lat' dir='ltr'>ejuscemodi</span> <span class='ocrx_word' id='word_1_24' title='bbox 383 843 663 914; x_wconf 73' lang='lat' dir='ltr'>observationes</span> <span class='ocrx_word' id='word_1_25' title='bbox 681 841 861 926; x_wconf 82' lang='lat' dir='ltr'>indicavi3</span> <span class='ocrx_word' id='word_1_26' title='bbox 880 843 944 914; x_wconf 90' lang='lat' dir='ltr'>sed</span> <span class='ocrx_word' id='word_1_27' title='bbox 962 859 999 914; x_wconf 87' lang='lat' dir='ltr'>et</span> <span class='ocrx_word' id='word_1_28' title='bbox 1017 869 1138 914; x_wconf 86' lang='lat' dir='ltr'>meam</span> <span class='ocrx_word' id='word_1_29' title='bbox 1179 877 1182 880; x_wconf 95' lang='lat'>·</span> 
     </span>
     <span class='ocr_line' id='line_1_5' title="bbox 128 956 1139 1100; baseline 0 -68"><span class='ocrx_word' id='word_1_30' title='bbox 128 963 337 1061; x_wconf 77' lang='lat' dir='ltr'>proposui:</span> <span class='ocrx_word' id='word_1_31' title='bbox 361 985 594 1100; x_wconf 58' lang='lat' dir='ltr'>quanquanq</span> <span class='ocrx_word' id='word_1_32' title='bbox 609 961 648 1030; x_wconf 93' lang='lat' dir='ltr'>in</span> <span class='ocrx_word' id='word_1_33' title='bbox 663 984 802 1030; x_wconf 88' lang='lat' dir='ltr'>earum</span> <span class='ocrx_word' id='word_1_34' title='bbox 834 956 1024 1031; x_wconf 80' lang='lat' dir='ltr'>nonnullis</span> <span class='ocrx_word' id='word_1_35' title='bbox 1045 959 1139 1056; x_wconf 89' lang='lat' dir='ltr'>quid</span> 
     </span>
     <span class='ocr_line' id='line_1_6' title="bbox 131 1077 1138 1176; baseline -0.003 -25"><span class='ocrx_word' id='word_1_36' title='bbox 131 1079 337 1153; x_wconf 87' lang='lat' dir='ltr'>desiderari</span> <span class='ocrx_word' id='word_1_37' title='bbox 362 1081 495 1176; x_wconf 88' lang='lat' dir='ltr'>possit,</span> <span class='ocrx_word' id='word_1_38' title='bbox 524 1093 559 1149; x_wconf 85' lang='lat' dir='ltr'>et</span> <span class='ocrx_word' id='word_1_39' title='bbox 583 1077 776 1174; x_wconf 90' lang='lat' dir='ltr'>quomodo</span> <span class='ocrx_word' id='word_1_40' title='bbox 799 1078 979 1174; x_wconf 76' lang='lat' dir='ltr'>reliqum,</span> <span class='ocrx_word' id='word_1_41' title='bbox 1000 1103 1138 1148; x_wconf 89' lang='lat' dir='ltr'>meam-</span> 
     </span>
     <span class='ocr_line' id='line_1_7' title="bbox 127 1194 1138 1295; baseline 0 -29"><span class='ocrx_word' id='word_1_42' title='bbox 127 1223 224 1295; x_wconf 86' lang='lat' dir='ltr'><strong>que,</strong></span> <span class='ocrx_word' id='word_1_43' title='bbox 241 1195 525 1267; x_wconf 85' lang='lat' dir='ltr'>salvoValsalvae</span> <span class='ocrx_word' id='word_1_44' title='bbox 539 1194 712 1292; x_wconf 77' lang='lat' dir='ltr'>dogmate</span> <span class='ocrx_word' id='word_1_45' title='bbox 723 1194 907 1290; x_wconf 84' lang='lat' dir='ltr'>explicare</span> <span class='ocrx_word' id='word_1_46' title='bbox 920 1195 1044 1282; x_wconf 84' lang='lat' dir='ltr'>liceat,</span> <span class='ocrx_word' id='word_1_47' title='bbox 1059 1221 1138 1266; x_wconf 89' lang='lat' dir='ltr'>non</span> 
     </span>
     <span class='ocr_line' id='line_1_8' title="bbox 126 1309 1137 1410; baseline 0.001 -26"><span class='ocrx_word' id='word_1_48' title='bbox 126 1315 261 1388; x_wconf 82' lang='lat' dir='ltr'>reticui</span> <span class='ocrx_word' id='word_1_49' title='bbox 277 1320 342 1408; x_wconf 81' lang='lat'>(2).</span> <span class='ocrx_word' id='word_1_50' title='bbox 361 1312 466 1383; x_wconf 77' lang='lat' dir='ltr'>Uatle</span> <span class='ocrx_word' id='word_1_51' title='bbox 486 1337 633 1384; x_wconf 90' lang='lat' dir='ltr'>sumere</span> <span class='ocrx_word' id='word_1_52' title='bbox 648 1312 790 1409; x_wconf 86' lang='lat' dir='ltr'>aliquid</span> <span class='ocrx_word' id='word_1_53' title='bbox 809 1309 966 1384; x_wconf 87' lang='lat' dir='ltr'>fortasse</span> <span class='ocrx_word' id='word_1_54' title='bbox 981 1313 1137 1410; x_wconf 88' lang='lat' dir='ltr'>poteris,</span> 
     </span>
     <span class='ocr_line' id='line_1_9' title="bbox 125 1428 1139 1528; baseline -0.002 -24"><span class='ocrx_word' id='word_1_55' title='bbox 125 1447 171 1504; x_wconf 78' lang='lat' dir='ltr'>ut</span> <span class='ocrx_word' id='word_1_56' title='bbox 196 1429 466 1528; x_wconf 77' lang='lat' dir='ltr'>huncquoque</span> <span class='ocrx_word' id='word_1_57' title='bbox 494 1431 670 1527; x_wconf 63' lang='lat' dir='ltr'>explices</span> <span class='ocrx_word' id='word_1_58' title='bbox 703 1428 843 1501; x_wconf 91' lang='lat' dir='ltr'>nedum</span> <span class='ocrx_word' id='word_1_59' title='bbox 866 1429 992 1526; x_wconf 84' lang='lat' dir='ltr'>siquid</span> <span class='ocrx_word' id='word_1_60' title='bbox 1015 1431 1139 1502; x_wconf 87' lang='lat' dir='ltr'>inilia</span> 
     </span>
     <span class='ocr_line' id='line_1_10' title="bbox 126 1546 1193 1648; baseline 0.002 -30"><span class='ocrx_word' id='word_1_61' title='bbox 126 1571 457 1648; x_wconf 67' lang='lat' dir='ltr'>quaesupranum.</span> <span class='ocrx_word' id='word_1_62' title='bbox 487 1547 531 1619; x_wconf 83' lang='lat'>35</span> <span class='ocrx_word' id='word_1_63' title='bbox 560 1549 749 1644; x_wconf 79' lang='lat' dir='ltr'>proposita</span> <span class='ocrx_word' id='word_1_64' title='bbox 771 1561 845 1636; x_wconf 87' lang='lat' dir='ltr'>est,</span> <span class='ocrx_word' id='word_1_65' title='bbox 878 1549 917 1617; x_wconf 88' lang='lat' dir='ltr'>in</span> <span class='ocrx_word' id='word_1_66' title='bbox 948 1546 1138 1646; x_wconf 85' lang='lat' dir='ltr'>palpebris</span> <span class='ocrx_word' id='word_1_67' title='bbox 1190 1546 1193 1550; x_wconf 65' lang='grc'><strong>’</strong></span> 
     </span>
     <span class='ocr_line' id='line_1_11' title="bbox 117 1665 698 1764; baseline -0.003 -28"><span class='ocrx_word' id='word_1_68' title='bbox 117 1668 255 1736; x_wconf 74' lang='lat' dir='ltr'>minos</span> <span class='ocrx_word' id='word_1_69' title='bbox 270 1667 499 1764; x_wconf 81' lang='lat' dir='ltr'>respondere</span> <span class='ocrx_word' id='word_1_70' title='bbox 520 1665 593 1736; x_wconf 71' lang='lat' dir='ltr'>viil</span> <span class='ocrx_word' id='word_1_71' title='bbox 606 1683 698 1736; x_wconf 88' lang='lat' dir='ltr'>atur.</span> 
     </span>
    </p>

    <p class='ocr_par' dir='ltr' id='par_1_3' title="bbox 123 1781 1139 2440">
     <span class='ocr_line' id='line_1_12' title="bbox 180 1781 1136 1880; baseline 0.001 -26"><span class='ocrx_word' id='word_1_72' title='bbox 180 1781 236 1854; x_wconf 73' lang='lat'>56.</span> <span class='ocrx_word' id='word_1_73' title='bbox 249 1787 370 1852; x_wconf 83' lang='lat' dir='ltr'>Finem</span> <span class='ocrx_word' id='word_1_74' title='bbox 389 1783 975 1880; x_wconf 64' lang='lat' dir='ltr'>lmicepist-›laeimponerejuvat</span> <span class='ocrx_word' id='word_1_75' title='bbox 988 1783 1136 1856; x_wconf 89' lang='lat' dir='ltr'>duabus</span> 
     </span>
     <span class='ocr_line' id='line_1_13' title="bbox 123 1897 1135 1998; baseline 0.002 -28"><span class='ocrx_word' id='word_1_76' title='bbox 123 1899 314 1986; x_wconf 74' lang='lat' dir='ltr'>volneris,</span> <span class='ocrx_word' id='word_1_77' title='bbox 337 1902 506 1998; x_wconf 86' lang='lat' dir='ltr'>punctim</span> <span class='ocrx_word' id='word_1_78' title='bbox 533 1902 672 1998; x_wconf 79' lang='lat' dir='ltr'>pariter</span> <span class='ocrx_word' id='word_1_79' title='bbox 696 1897 844 1986; x_wconf 82' lang='lat' dir='ltr'>inflicti,</span> <span class='ocrx_word' id='word_1_80' title='bbox 865 1899 1135 1972; x_wconf 89' lang='lat' dir='ltr'>observationi·</span> 
     </span>
     <span class='ocr_line' id='line_1_14' title="bbox 124 2009 1138 2113; baseline 0 -25"><span class='ocrx_word' id='word_1_81' title='bbox 124 2009 220 2104; x_wconf 84' lang='lat' dir='ltr'>bus,</span> <span class='ocrx_word' id='word_1_82' title='bbox 234 2019 297 2088; x_wconf 74' lang='lat' dir='ltr'>‘teil</span> <span class='ocrx_word' id='word_1_83' title='bbox 319 2032 423 2090; x_wconf 90' lang='lat' dir='ltr'>tanto</span> <span class='ocrx_word' id='word_1_84' title='bbox 438 2017 569 2113; x_wconf 89' lang='lat' dir='ltr'>majori</span> <span class='ocrx_word' id='word_1_85' title='bbox 584 2019 789 2088; x_wconf 69' lang='lat' dir='ltr'>attentione</span> <span class='ocrx_word' id='word_1_86' title='bbox 805 2017 951 2113; x_wconf 81' lang='lat' dir='ltr'>dignis,</span> <span class='ocrx_word' id='word_1_87' title='bbox 967 2043 1045 2113; x_wconf 93' lang='lat' dir='ltr'>quo</span> <span class='ocrx_word' id='word_1_88' title='bbox 1059 2043 1138 2088; x_wconf 90' lang='lat' dir='ltr'>ma-</span> 
     </span>
     <span class='ocr_line' id='line_1_15' title="bbox 125 2133 1139 2232; baseline 0.006 -30"><span class='ocrx_word' id='word_1_89' title='bbox 125 2136 184 2232; x_wconf 82' lang='lat' dir='ltr'>gis</span> <span class='ocrx_word' id='word_1_90' title='bbox 202 2135 290 2224; x_wconf 83' lang='lat' dir='ltr'>levis</span> <span class='ocrx_word' id='word_1_91' title='bbox 309 2137 345 2206; x_wconf 90' lang='lat' dir='ltr'>in</span> <span class='ocrx_word' id='word_1_92' title='bbox 366 2162 391 2206; x_wconf 92' lang='lat' dir='ltr'>u</span> <span class='ocrx_word' id='word_1_93' title='bbox 409 2159 527 2231; x_wconf 86' lang='lat' dir='ltr'>raqne</span> <span class='ocrx_word' id='word_1_94' title='bbox 558 2133 762 2231; x_wconf 85' lang='lat' dir='ltr'>apparebat</span> <span class='ocrx_word' id='word_1_95' title='bbox 790 2135 905 2220; x_wconf 89' lang='lat' dir='ltr'>ictus,</span> <span class='ocrx_word' id='word_1_96' title='bbox 936 2148 972 2205; x_wconf 90' lang='lat' dir='ltr'>et</span> <span class='ocrx_word' id='word_1_97' title='bbox 993 2136 1059 2230; x_wconf 90' lang='lat' dir='ltr'>qui</span> <span class='ocrx_word' id='word_1_98' title='bbox 1076 2137 1139 2210; x_wconf 86' lang='lat' dir='ltr'>¹ad</span> 
     </span>
     <span class='ocr_line' id='line_1_16' title="bbox 125 2249 1139 2351; baseline 0.003 -31"><span class='ocrx_word' id='word_1_99' title='bbox 125 2249 260 2322; x_wconf 77' lang='lat' dir='ltr'>faciem</span> <span class='ocrx_word' id='word_1_100' title='bbox 293 2255 419 2351; x_wconf 83' lang='lat' dir='ltr'>potms</span> <span class='ocrx_word' id='word_1_101' title='bbox 445 2277 558 2350; x_wconf 89' lang='lat' dir='ltr'>qnam</span> <span class='ocrx_word' id='word_1_102' title='bbox 583 2251 631 2322; x_wconf 87' lang='lat' dir='ltr'>ad</span> <span class='ocrx_word' id='word_1_103' title='bbox 657 2251 855 2323; x_wconf 72' lang='lat' dir='ltr'>cerebrum</span> <span class='ocrx_word' id='word_1_104' title='bbox 889 2267 1058 2350; x_wconf 87' lang='lat' dir='ltr'>spectare</span> <span class='ocrx_word' id='word_1_105' title='bbox 1085 2255 1139 2323; x_wconf 90' lang='lat' dir='ltr'>vi-</span> 
     </span>
     <span class='ocr_line' id='line_1_17' title="bbox 129 2369 294 2440; baseline -0.006 0"><span class='ocrx_word' id='word_1_106' title='bbox 129 2369 294 2440; x_wconf 75' lang='lat' dir='ltr'>deretur.</span> 
     </span>
    </p>

    <p class='ocr_par' dir='ltr' id='par_1_4' title="bbox 123 2485 1138 2820">
     <span class='ocr_line' id='line_1_18' title="bbox 178 2485 1138 2585; baseline 0.002 -27"><span class='ocrx_word' id='word_1_107' title='bbox 178 2485 235 2582; x_wconf 78' lang='lat'>57.</span> <span class='ocrx_word' id='word_1_108' title='bbox 261 2490 323 2556; x_wconf 89' lang='lat' dir='ltr'>Vir</span> <span class='ocrx_word' id='word_1_109' title='bbox 343 2487 493 2582; x_wconf 85' lang='lat' dir='ltr'>triginta</span> <span class='ocrx_word' id='word_1_110' title='bbox 511 2509 632 2558; x_wconf 88' lang='lat' dir='ltr'>annos</span> <span class='ocrx_word' id='word_1_111' title='bbox 647 2500 780 2572; x_wconf 89' lang='lat' dir='ltr'>natus,</span> <span class='ocrx_word' id='word_1_112' title='bbox 806 2486 931 2559; x_wconf 92' lang='lat' dir='ltr'>biliosi</span> <span class='ocrx_word' id='word_1_113' title='bbox 955 2501 1138 2585; x_wconf 85' lang='lat' dir='ltr'>tempera-</span> 
     </span>
     <span class='ocr_line' id='line_1_19' title="bbox 123 2599 1136 2716; baseline 0.004 -42"><span class='ocrx_word' id='word_1_114' title='bbox 123 2619 266 2688; x_wconf 85' lang='lat' dir='ltr'>menti,</span> <span class='ocrx_word' id='word_1_115' title='bbox 298 2617 489 2716; x_wconf 69' lang='lat' dir='ltr'>pnngente</span> <span class='ocrx_word' id='word_1_116' title='bbox 533 2599 633 2674; x_wconf 80' lang='lat' dir='ltr'>ferro</span> <span class='ocrx_word' id='word_1_117' title='bbox 671 2602 718 2674; x_wconf 89' lang='lat' dir='ltr'>ad</span> <span class='ocrx_word' id='word_1_118' title='bbox 752 2603 950 2677; x_wconf 76' lang='lat' dir='ltr'>dexterum</span> <span class='ocrx_word' id='word_1_119' title='bbox 981 2606 1136 2678; x_wconf 88' lang='lat' dir='ltr'>oculum</span> 
     </span>
     <span class='ocr_line' id='line_1_20' title="bbox 125 2718 1134 2820; baseline 0.002 -28"><span class='ocrx_word' id='word_1_120' title='bbox 125 2745 350 2820; x_wconf 67' lang='lat' dir='ltr'>percussus,</span> <span class='ocrx_word' id='word_1_121' title='bbox 371 2718 537 2790; x_wconf 85' lang='lat' dir='ltr'>triduum</span> <span class='ocrx_word' id='word_1_122' title='bbox 561 2722 640 2792; x_wconf 84' lang='lat' dir='ltr'>sine</span> <span class='ocrx_word' id='word_1_123' title='bbox 657 2720 732 2791; x_wconf 90' lang='lat' dir='ltr'>ulla</span> <span class='ocrx_word' id='word_1_124' title='bbox 757 2719 923 2793; x_wconf 88' lang='lat' dir='ltr'>sensibili</span> <span class='ocrx_word' id='word_1_125' title='bbox 941 2723 1134 2794; x_wconf 87' lang='lat' dir='ltr'>actionum</span> 
     </span>
    </p>
   </div>
   <div class='ocr_carea' id='block_1_3' title="bbox 13 2837 1135 2936">
    <p class='ocr_par' dir='ltr' id='par_1_5' title="bbox 13 2837 1135 2936">
     <span class='ocr_line' id='line_1_21' title="bbox 13 2837 1135 2936; baseline 0.005 -27"><span class='ocrx_word' id='word_1_126' title='bbox 13 2903 15 2922; x_wconf 63' lang='lat'>,</span> <span class='ocrx_word' id='word_1_127' title='bbox 117 2837 276 2910; x_wconf 59' lang='lat' dir='ltr'>laesione</span> <span class='ocrx_word' id='word_1_128' title='bbox 306 2837 488 2932; x_wconf 81' lang='lat' dir='ltr'>transigit.</span> <span class='ocrx_word' id='word_1_129' title='bbox 513 2838 582 2906; x_wconf 89' lang='lat' dir='ltr'>Die</span> <span class='ocrx_word' id='word_1_130' title='bbox 602 2853 737 2933; x_wconf 90' lang='lat' dir='ltr'>quarto</span> <span class='ocrx_word' id='word_1_131' title='bbox 761 2840 864 2909; x_wconf 82' lang='lat' dir='ltr'>venit</span> <span class='ocrx_word' id='word_1_132' title='bbox 887 2840 967 2936; x_wconf 89' lang='lat' dir='ltr'>ipse</span> <span class='ocrx_word' id='word_1_133' title='bbox 993 2841 1032 2910; x_wconf 90' lang='lat' dir='ltr'>in</span> <span class='ocrx_word' id='word_1_134' title='bbox 1054 2866 1135 2915; x_wconf 91' lang='lat' dir='ltr'>cre-</span> 
     </span>
    </p>
   </div>
   <div class='ocr_carea' id='block_1_4' title="bbox 13 2939 1134 3756">
    <p class='ocr_par' dir='ltr' id='par_1_6' title="bbox 13 2939 1134 3756">
     <span class='ocr_line' id='line_1_22' title="bbox 13 2939 1134 3052; baseline 0.002 -26"><span class='ocrx_word' id='word_1_135' title='bbox 13 3033 15 3036; x_wconf 56' lang='grc'><strong>,</strong></span> <span class='ocrx_word' id='word_1_136' title='bbox 122 2953 233 3026; x_wconf 89' lang='lat' dir='ltr'>brius</span> <span class='ocrx_word' id='word_1_137' title='bbox 272 2953 478 3026; x_wconf 88' lang='lat' dir='ltr'>indicatum</span> <span class='ocrx_word' id='word_1_138' title='bbox 510 2955 799 3026; x_wconf 82' lang='lat' dir='ltr'>nosocomium:</span> <span class='ocrx_word' id='word_1_139' title='bbox 832 2939 1043 3052; x_wconf 82' lang='lat' dir='ltr'>eodemque</span> <span class='ocrx_word' id='word_1_140' title='bbox 1074 2955 1134 3029; x_wconf 90' lang='lat' dir='ltr'>die</span> 
     </span>
     <span class='ocr_line' id='line_1_23' title="bbox 13 3053 1134 3169; baseline 0.002 -27"><span class='ocrx_word' id='word_1_141' title='bbox 13 3053 14 3058; x_wconf 6' lang='grc' dir='ltr'>ἵ</span> <span class='ocrx_word' id='word_1_142' title='bbox 122 3089 298 3144; x_wconf 87' lang='lat' dir='ltr'>mortuns</span> <span class='ocrx_word' id='word_1_143' title='bbox 312 3088 384 3159; x_wconf 87' lang='lat' dir='ltr'>est,</span> <span class='ocrx_word' id='word_1_144' title='bbox 397 3085 531 3169; x_wconf 79' lang='lat' dir='ltr'>praeter</span> <span class='ocrx_word' id='word_1_145' title='bbox 546 3069 777 3142; x_wconf 89' lang='lat' dir='ltr'>medicorum</span> <span class='ocrx_word' id='word_1_146' title='bbox 789 3071 1031 3167; x_wconf 88' lang='lat' dir='ltr'>opinionem,</span> <span class='ocrx_word' id='word_1_147' title='bbox 1047 3077 1134 3168; x_wconf 89' lang='lat' dir='ltr'>quia</span> 
     </span>
     <span class='ocr_line' id='line_1_24' title="bbox 125 3187 1134 3287; baseline 0.002 -27"><span class='ocrx_word' id='word_1_148' title='bbox 125 3189 275 3260; x_wconf 88' lang='lat' dir='ltr'>nullum</span> <span class='ocrx_word' id='word_1_149' title='bbox 299 3213 459 3286; x_wconf 88' lang='lat' dir='ltr'>osquam</span> <span class='ocrx_word' id='word_1_150' title='bbox 484 3187 687 3287; x_wconf 84' lang='lat' dir='ltr'>apparebat</span> <span class='ocrx_word' id='word_1_151' title='bbox 718 3187 854 3260; x_wconf 84' lang='lat' dir='ltr'>lethale</span> <span class='ocrx_word' id='word_1_152' title='bbox 882 3187 1041 3277; x_wconf 81' lang='lat' dir='ltr'>vulnus3</span> <span class='ocrx_word' id='word_1_153' title='bbox 1069 3191 1134 3262; x_wconf 84' lang='lat' dir='ltr'>sed</span> 
     </span>
     <span class='ocr_line' id='line_1_25' title="bbox 121 3305 1133 3404; baseline -0.001 -25"><span class='ocrx_word' id='word_1_154' title='bbox 121 3307 285 3404; x_wconf 81' lang='lat' dir='ltr'>simplex</span> <span class='ocrx_word' id='word_1_155' title='bbox 298 3305 478 3378; x_wconf 84' lang='lat' dir='ltr'>duntaxat</span> <span class='ocrx_word' id='word_1_156' title='bbox 500 3309 537 3376; x_wconf 94' lang='lat' dir='ltr'>in</span> <span class='ocrx_word' id='word_1_157' title='bbox 559 3331 604 3377; x_wconf 89' lang='lat' dir='ltr'>eo</span> <span class='ocrx_word' id='word_1_158' title='bbox 624 3305 736 3376; x_wconf 89' lang='lat' dir='ltr'>oculo</span> <span class='ocrx_word' id='word_1_159' title='bbox 761 3305 944 3376; x_wconf 86' lang='lat' dir='ltr'>contusio.</span> <span class='ocrx_word' id='word_1_160' title='bbox 966 3306 1133 3378; x_wconf 88' lang='lat' dir='ltr'>Calvaria</span> 
     </span>
     <span class='ocr_line' id='line_1_26' title="bbox 119 3422 1133 3520; baseline 0 -24"><span class='ocrx_word' id='word_1_161' title='bbox 119 3439 249 3496; x_wconf 86' lang='lat' dir='ltr'>autem</span> <span class='ocrx_word' id='word_1_162' title='bbox 282 3424 442 3504; x_wconf 81' lang='lat' dir='ltr'>reclusa,</span> <span class='ocrx_word' id='word_1_163' title='bbox 472 3449 558 3496; x_wconf 89' lang='lat' dir='ltr'>cum</span> <span class='ocrx_word' id='word_1_164' title='bbox 583 3445 697 3520; x_wconf 88' lang='lat' dir='ltr'>parva</span> <span class='ocrx_word' id='word_1_165' title='bbox 726 3422 936 3520; x_wconf 84' lang='lat' dir='ltr'>purulentae</span> <span class='ocrx_word' id='word_1_166' title='bbox 971 3425 1133 3496; x_wconf 74' lang='lat' dir='ltr'>materiae</span> 
     </span>
     <span class='ocr_line' id='line_1_27' title="bbox 119 3539 1134 3639; baseline -0.002 -26"><span class='ocrx_word' id='word_1_167' title='bbox 119 3543 230 3638; x_wconf 64' lang='lat' dir='ltr'>cos-ia</span> <span class='ocrx_word' id='word_1_168' title='bbox 242 3541 392 3612; x_wconf 82' lang='lat' dir='ltr'>interos</span> <span class='ocrx_word' id='word_1_169' title='bbox 410 3539 562 3625; x_wconf 80' lang='lat' dir='ltr'>frontis,</span> <span class='ocrx_word' id='word_1_170' title='bbox 578 3555 614 3612; x_wconf 86' lang='lat' dir='ltr'>et</span> <span class='ocrx_word' id='word_1_171' title='bbox 629 3551 787 3612; x_wconf 80' lang='lat' dir='ltr'>crassam</span> <span class='ocrx_word' id='word_1_172' title='bbox 802 3543 1017 3639; x_wconf 86' lang='lat' dir='ltr'>meningem</span> <span class='ocrx_word' id='word_1_173' title='bbox 1032 3543 1134 3612; x_wconf 78' lang='lat' dir='ltr'>inve·</span> 
     </span>
     <span class='ocr_line' id='line_1_28' title="bbox 116 3656 1132 3756; baseline -0.002 -26"><span class='ocrx_word' id='word_1_174' title='bbox 116 3661 286 3743; x_wconf 87' lang='lat' dir='ltr'>niretnr,</span> <span class='ocrx_word' id='word_1_175' title='bbox 307 3671 342 3728; x_wconf 89' lang='lat' dir='ltr'>et</span> <span class='ocrx_word' id='word_1_176' title='bbox 356 3673 587 3755; x_wconf 58' lang='lat' dir='ltr'>(quaereretur</span> <span class='ocrx_word' id='word_1_177' title='bbox 598 3656 703 3729; x_wconf 84' lang='lat' dir='ltr'>loeus</span> <span class='ocrx_word' id='word_1_178' title='bbox 719 3656 820 3728; x_wconf 89' lang='lat' dir='ltr'>unde</span> <span class='ocrx_word' id='word_1_179' title='bbox 833 3656 896 3728; x_wconf 88' lang='lat' dir='ltr'>illa</span> <span class='ocrx_word' id='word_1_180' title='bbox 913 3659 1132 3756; x_wconf 84' lang='lat' dir='ltr'>prodiisset,</span> 
     </span>
    </p>
   </div>
   <div class='ocr_carea' id='block_1_5' title="bbox 158 3943 461 4119">
    <p class='ocr_par' dir='ltr' id='par_1_7' title="bbox 158 3943 461 4119">
     <span class='ocr_line' id='line_1_29' title="bbox 158 3943 330 4020; baseline 0.012 -22"><span class='ocrx_word' id='word_1_181' title='bbox 158 3943 203 4020; x_wconf 76' lang='grc' dir='ltr'>(ι)</span> <span class='ocrx_word' id='word_1_182' title='bbox 225 3946 261 3999; x_wconf 92' lang='grc' dir='ltr'>Ν.</span> <span class='ocrx_word' id='word_1_183' title='bbox 281 3943 330 4000; x_wconf 76' lang='lat'>25.</span> 
     </span>
     <span class='ocr_line' id='line_1_30' title="bbox 158 4041 461 4119; baseline 0 -21"><span class='ocrx_word' id='word_1_184' title='bbox 158 4041 203 4119; x_wconf 76' lang='lat' dir='ltr'>(a)</span> <span class='ocrx_word' id='word_1_185' title='bbox 223 4045 302 4100; x_wconf 86' lang='lat' dir='ltr'>Ibid.</span> <span class='ocrx_word' id='word_1_186' title='bbox 321 4054 352 4101; x_wconf 87' lang='lat' dir='ltr'>et</span> <span class='ocrx_word' id='word_1_187' title='bbox 366 4063 397 4100; x_wconf 92' lang='lat' dir='ltr'>n.</span> <span class='ocrx_word' id='word_1_188' title='bbox 412 4044 461 4100; x_wconf 82' lang='lat'>26.</span> 
     </span>
    </p>
   </div>
   <div class='ocr_carea' id='block_1_6' title="bbox 0 0 1432 4660">
    <p class='ocr_par' dir='ltr' id='par_1_8' title="bbox 0 0 1432 4660">
     <span class='ocr_line' id='line_1_31' title="bbox 0 0 1432 4660; baseline 0 1"><span class='ocrx_word' id='word_1_189' title='bbox 0 0 1432 4660; x_wconf 95' lang='lat' dir='ltr'> </span> 
     </span>
    </p>
   </div>
  </div>
 </body>
</html>
