2872 4660
305 406 350 480 32
426 387 428 392 ¹
468 427 515 483 nr
541 425 685 479 morsus
709 425 754 472 nr
778 423 903 476 canam
926 420 1136 478 moneantur
1194 445 1198 454 ·

184 557 186 564 ’
301 541 489 637 majorum
510 536 649 612 ibidem
668 536 901 626 restitantes,
922 535 1112 611 interdum
1140 539 1304 638 degene-

299 683 382 732 rare
397 659 436 728 in
450 655 654 742 vesiculas,
673 652 844 726 humoris
863 654 997 752 aquosi
1016 653 1163 756 plenas,
1176 656 1303 748 idem,

299 775 415 874 siquis
428 773 545 862 alius,
564 770 739 870 praeclare
759 769 942 862 ostendit,
961 795 1048 845 eum
1066 797 1182 844 unam
1201 799 1304 848 eam·

266 967 269 973 ,
299 894 461 990 demque
477 889 687 990 placentam
707 876 853 966 invenit
875 888 930 985 (1)
958 913 1001 960 er
1025 906 1131 990 parte
1150 915 1303 984 sanam,

294 1037 339 1084 ex
355 1009 509 1108 partein
525 1004 711 1104 ejusmodi
721 1003 901 1078 vesiculas
913 1007 987 1102 jam
1000 1021 1189 1088 mutatam.
1211 1014 1303 1102 Quae

296 1127 576 1202 observationes
590 1123 659 1196 etsi
667 1147 762 1194 verae
775 1139 882 1212 sunt,
898 1125 968 1196 tria
980 1140 1125 1216 tamen,
1145 1143 1209 1200 aut
1219 1153 1304 1225 qua·

295 1262 384 1320 tuor
403 1258 491 1316 sunt
520 1237 701 1314 addenda.
729 1244 922 1344 inimum,
951 1268 1075 1342 neque
1109 1246 1302 1320 minorum

296 1360 454 1436 foetuum
484 1358 718 1458 placentulas
734 1383 813 1431 non
837 1359 1042 1460 aliquando
1062 1363 1101 1432 in
1120 1362 1302 1439 vesiculas

296 1480 548 1580 degenerare,
568 1501 655 1550 cum
679 1477 890 1574 Ruyschius
905 1478 1004 1552 idem
1022 1480 1062 1550 in
1090 1479 1302 1576 placentula

294 1594 406 1672 laetus
416 1600 527 1666 triam
534 1597 624 1686 fere
632 1600 811 1666 mensium
822 1595 927 1671 initia
937 1595 1052 1692 hujus
1067 1599 1301 1689 mutationis,

237 1796 241 1808 ¹
293 1718 333 1788 in
365 1715 481 1786 altera
509 1727 634 1788 autem
657 1710 885 1810 placentula
908 1715 1027 1814 ipsam
1057 1721 1300 1788 mutationem

293 1837 410 1930 magis
429 1829 655 1904 luculentam
674 1829 987 1904 demonstraverit
1016 1831 1083 1930 (a).
1110 1831 1297 1921 Alterum,

292 1976 362 2023 nec
381 1949 452 2024 soli
470 1949 648 2048 placenta
667 1949 915 2020 mutationem
943 1947 1042 2022 hane
1073 1953 1297 2044 convenire,

292 2069 445 2170 quando
475 2092 554 2138 non
579 2059 794 2140 tantumtex
818 2068 1093 2166 posterioribus
1121 2068 1298 2142 observa·

287 2186 455 2260 tionibus
472 2183 649 2281 Ruysohii
660 2179 827 2269 'constan
845 2185 904 2256 vel
923 2186 963 2256 in
981 2183 1152 2258 funiculo
1169 2187 1298 2260 umbi-

279 2305 388 2398 ·lieali
401 2303 602 2376 vesiculam
622 2303 747 2399 ipsum
758 2300 905 2402 pluries
916 2303 1056 2376 atdase
1072 2303 1150 2402 (3);
1169 2303 1234 2378 sed
1259 2321 1297 2380 et

291 2449 337 2520 err
370 2419 641 2496 vetustioribus¹
665 2419 719 2517 (A)
743 2419 982 2494 manifestum
1015 2437 1090 2512 est,
1120 2421 1296 2496 eumdem

231 2543 232 2547 ’
289 2539 502 2616 funiculum
527 2553 584 2610 tot
602 2537 776 2610 vesiculis
797 2538 996 2635 praeditum
1020 2538 1092 2638 ipsi
1116 2564 1296 2614 nonuun-

288 2682 401 2758 quam
417 2637 641 2742 oecurrisse‚
651 2670 695 2726 at
711 2663 808 2726 totus
821 2653 1013 2728 videretur
1032 2665 1294 2732 concatenatio

287 2771 1293 2872 vesicularamaqaeohumorerefhrtarurn:quinetiam

287 2920 333 2967 ex
344 2891 556 2966 Vallisnerii
572 2889 691 2962 nostri
710 2889 974 2962 observatione
985 2887 1039 2988 (5)
1054 2905 1199 2964 eertum
1213 2909 1291 2985 est,

287 3025 374 3110 post
385 3011 587 3082 immanem
611 3005 858 3080 vesicularum
880 3031 1101 3098 numerum,
1119 3033 1164 3082 ex
1182 3025 1291 3086 utero

287 3128 443 3224 ejectam
456 3151 535 3199 esse
547 3126 758 3226 placentam
769 3177 779 3214 ,
789 3138 850 3214 ut,
866 3126 938 3197 nisi
951 3123 1051 3196 hane
1068 3125 1115 3197 ad
1128 3127 1289 3204 alterum

286 3243 417 3318 loetum
449 3244 672 3344 pertinuisse
707 3242 1025 3332 comminisceris,
1055 3243 1217 3342 liqueret
1244 3273 1289 3320 ex

324 3563 367 3645 (ι)
387 3567 460 3624 Oba.
475 3565 522 3623 33.

321 3665 368 3740 (a)
385 3661 472 3738 Thes.
488 3675 568 3720 anat.
581 3663 616 3734 6,
629 3681 660 3720 ιι.
676 3679 747 3734 roa,
764 3664 836 3736 103,
850 3645 948 3722 et'tab.
962 3663 998 3736 5,
1013 3666 1063 3744 lig.
1076 3668 1111 3740 3,
1126 3675 1162 3740 t,
1176 3666 1205 3727 5.

323 3765 368 3843 (3)
388 3764 465 3820 Ihid.
479 3783 510 3820 n.
526 3761 564 3832 45
579 3775 608 3819 et
619 3764 680 3823 tab·
696 3761 793 3841 a,flg.
808 3764 851 3822 ss

321 3865 366 3943 (4)
385 3864 458 3922 Oba.
474 3872 509 3930 rt,
526 3873 555 3918 et
569 3860 617 3938 fig.
640 3861 685 3918 15.

320 3961 363 4043 (5)
383 3965 495 4038 Opere,
510 3973 583 4030 tom.
597 3979 631 4032 a,
644 3981 676 4038 p.
692 3980 705 4018 r
719 3962 772 4020 ubi
784 3961 821 4020 de
832 3972 922 4038 partu
933 3962 1088 4022 vesiculae.
