2854 4660
304 433 373 505 332
467 459 513 504 oe
539 456 684 506 sameas
709 431 753 506 er
780 455 905 506 causis
930 456 1141 506 uoaaoauu

305 569 427 642 nihilo
448 570 565 668 magis
591 594 704 668 quam
733 571 926 668 occipitia,
959 569 1152 642 taesionem
1189 584 1312 642 osten·

309 685 415 759 derat
434 714 444 777 ;
461 701 587 758 tamen
607 688 706 760 inter
734 685 828 760 illud
850 712 893 760 os
914 701 951 760 et
976 711 1138 760 crassam
1164 687 1314 760 menin-

312 830 415 903 gem‚
441 807 561 878 sanies
589 821 668 878 erat
689 805 737 876 ad
755 805 953 878 drachmas
987 807 1101 893 duas,
1126 830 1214 904 quae
1238 828 1317 876 eam

310 925 527 1021 meningem
562 937 738 996 eroserat.
769 923 871 1013 Quin
896 924 1016 1000 etiam,
1038 948 1059 994 a
1084 922 1230 995 dextris
1251 921 1318 994 sub

313 1042 430 1110 cranii
448 1042 642 1138 superiore
655 1055 759 1139 parte
774 1041 812 1111 in
831 1037 1320 1139 vasorumsanguiferorum

310 1160 498 1257 meningis
506 1157 675 1255 ejusdem
695 1159 901 1231 interstitiis
920 1159 1075 1230 materia
1094 1159 1254 1230 inventa
1267 1172 1319 1229 est
1416 1225 1417 1234 ,

313 1277 430 1348 saniei
448 1277 597 1363 similis,
617 1276 681 1348 sed
699 1275 861 1348 densior.
883 1280 1021 1348 Caetera
1035 1277 1134 1347 intra
1148 1277 1320 1347 cranium

313 1394 521 1466 secundum
537 1409 709 1466 naturam
727 1419 766 1466 se
785 1393 986 1466 habehant.

364 1511 399 1582 6.
414 1514 535 1582 Senex
549 1535 669 1584 annos
690 1527 800 1584 natus
826 1511 875 1584 ad
903 1513 1112 1610 sexaginta,
1133 1511 1323 1609 epilepsia
1417 1589 1418 1608 χ

316 1627 423 1698 valde
448 1627 653 1718 obnoxius,
684 1629 774 1700 dum
806 1655 849 1702 ea
880 1644 1076 1728 correptus
1108 1629 1149 1698 in
1182 1641 1324 1700 terram

319 1744 440 1834 cadit,
469 1747 580 1819 simul
606 1747 771 1820 thoracis
801 1748 986 1820 sinistram
1013 1761 1183 1845 partem,
1214 1744 1326 1817 simul

319 1864 450 1961 capitis
475 1864 574 1938 idem
591 1865 686 1938 latus
707 1889 820 1963 supra
838 1863 1084 1962 temporalem
1106 1861 1323 1935 musculum

320 1978 489 2054 offendit
508 1983 687 2056 Thoracis
711 2006 755 2055 ea
781 2007 868 2086 pars
895 1983 1054 2053 multum
1074 1981 1201 2052 dolet:
1233 1976 1328 2050 diffi-

320 2099 400 2172 cilis
419 2114 475 2172 est
488 2102 705 2199 respiratio,
724 2115 761 2172 et
776 2101 965 2198 principio
982 2101 1134 2197 sanguis
1144 2097 1329 2170 vomendi

323 2234 462 2290 conatu
480 2243 549 2317 per
570 2244 612 2292 os
635 2220 790 2315 ejicitur.
816 2223 937 2316 Caput
960 2217 1148 2288 imbecille
1166 2231 1243 2305 est,
1262 2215 1328 2287 oh-

322 2350 471 2425 tusum‚
493 2361 619 2434 grave,
638 2352 681 2408 ut
704 2338 976 2434 interrogatus,
1004 2337 1065 2406 vix
1085 2334 1327 2433 respondeat

323 2456 466 2526 Mortui
489 2454 642 2526 thorace
667 2469 819 2552 apertu,
847 2454 996 2525 sinistra
1023 2477 1134 2524 cavea
1154 2477 1272 2541 sana;
1291 2453 1329 2522 in

322 2569 475 2642 dextera
507 2587 632 2644 autem
661 2595 786 2644 serum
815 2570 859 2644 ad
886 2570 1021 2642 libram
1052 2571 1205 2642 circiter
1230 2573 1330 2642 inre·

323 2687 445 2776 nitur,
460 2703 495 2760 et
511 2690 644 2786 pulmo
662 2691 835 2788 superius
851 2689 899 2760 ad
915 2689 1084 2787 pleuram
1108 2685 1329 2774 adhaerens‚

325 2819 524 2903 totusque,
540 2823 581 2878 ut
601 2809 640 2878 in
657 2809 971 2906 peripneumonia
990 2805 1102 2894 solet,
1117 2805 1327 2879 induratus

325 2923 458 2996 Cordis
474 2927 673 2996 ventriculi
699 2927 960 2998 concretiones
984 2923 1186 3022 polyposas
1211 2926 1330 2996 conti·

246 3093 249 3099 -
325 3040 485 3128 nebant,
505 3057 542 3114 et
565 3041 695 3115 dexter
724 3042 878 3140 quidem
913 3042 1105 3136 majorem.
1136 3046 1183 3111 In
1211 3045 1331 3141 capite

326 3161 475 3233 sinister
496 3160 689 3232 musculus
712 3160 930 3258 temporalis
958 3175 1137 3230 contusus
1158 3159 1331 3257 aliquan-

326 3292 429 3348 tum:
452 3279 580 3350 cranio
598 3293 723 3350 autem
753 3277 920 3364 recluso,
940 3278 1131 3348 sinistrum
1158 3277 1266 3348 inter
1294 3301 1332 3348 os

326 3403 518 3489 petrosum
532 3411 569 3466 et
583 3395 716 3466 duram
727 3397 941 3492 meningem
956 3394 1125 3466 concreti
1139 3397 1331 3492 sanguinis

327 3514 453 3608 portio
471 3514 675 3598 invenitur,
698 3529 798 3585 arcte
818 3513 915 3584 adeo
931 3511 1053 3583 eidem
1075 3514 1250 3610 meningi
1268 3511 1330 3583 ad·

327 3627 488 3717 haerens,
507 3645 644 3702 utnon
664 3631 736 3701 nisi
761 3631 798 3700 vi
815 3629 979 3728 separari
996 3629 1125 3727 possit.
1149 3634 1331 3703 Caeterum

320 3748 390 3843 ¹pia
403 3745 450 3817 ad
468 3772 641 3820 vasorum
671 3747 786 3820 latera
810 3748 1059 3846 gelatinosom
1087 3749 1161 3818 seri
1179 3773 1333 3820 concre-

329 3866 493 3953 tionem,
514 3867 713 3937 ventriculi
728 3866 925 3964 paululum
943 3867 1061 3937 serosi
1082 3864 1257 3938 humoris
1278 3889 1333 3938 os·

328 3983 556 4057 tenderunt:
581 3984 769 4081 reliquum
786 3983 985 4058 cerebrum
1002 4007 1137 4058 sanum
1154 3980 1235 4056 fuit.
