2816 5282
121 402 189 450 trs.
204 403 253 450 ιν.
274 402 675 464 υκΜοῐιΒιεοΗιιιυιιο.,
693 395 761 454 etc.
781 407 892 459 amsa.
909 360 980 458 mv.
1008 387 1080 488 609

84 530 137 588 est
163 531 357 603 mortuus,
386 517 553 604 citissimi
573 532 699 592 autem
728 519 822 591 alter
847 522 887 592 in
915 522 985 598 hac
1007 518 1087 623 ipsa

85 632 196 724 urbe,
216 633 280 707 sed
295 634 394 706 eirca
410 659 576 723 annum,
602 636 756 732 opinor,
776 638 885 738 1670,
900 664 986 712 cum
1002 697 1012 731 ,
1028 643 1088 714 hic

88 750 297 822 studiorum
312 776 422 823 causa
439 767 531 824 tunc
545 753 964 844 essetlacobusSaudri,
977 783 1091 857 quem

87 870 264 939 Bononia
274 869 374 940 inter
391 893 496 940 meos
515 886 766 968 praeceptores
777 870 906 962 fuisse,
924 875 1013 950 alias
1025 877 1095 950 tibi

89 989 304 1060 memoravi.
324 977 437 1078 Quod
457 987 551 1058 mibi
564 989 595 1059 is
619 988 814 1080 narrabat,
834 991 991 1066 totidem
1015 1019 1095 1066 ver·

87 1105 146 1177 bis
163 1107 301 1204 accipe.

140 1229 198 1312 41.
220 1221 382 1316 Quidam
402 1222 491 1320 equi
510 1221 612 1294 calce
631 1223 671 1292 in
691 1221 873 1298 umbilico
886 1227 1002 1316 ictus,
1023 1230 1097 1300 illi-

92 1367 158 1430 co,
176 1341 402 1439 apoplectici
411 1341 548 1428 instar,
565 1340 731 1412 concidit
745 1358 927 1416 mortuus.
956 1347 1099 1420 Disseo

91 1476 154 1534 tus
171 1459 268 1568 nihil
285 1458 389 1532 aliud
408 1473 542 1558 praeter
554 1441 729 1531 naturam
744 1461 928 1551 ostendit,
948 1465 1020 1536 nisi
1044 1490 1101 1538 su-

94 1579 349 1678 gillotioncm,
374 1591 412 1650 ct
435 1576 673 1676 nigredinem
698 1579 984 1671 intestinorum,
1015 1608 1103 1681 pera

93 1721 203 1768 cusso
223 1694 628 1792 locorespondentem.
660 1711 662 1715 ·

144 1819 202 1902 42.
224 1810 403 1884 Audienti
417 1810 496 1882 haec
516 1809 610 1880 mihi
627 1809 857 1884 adolescenti
876 1816 916 1884 in
936 1832 1104 1890 mentem

94 1932 201 2004 venit
220 1928 370 2001 Hildani
388 1928 443 2024 (1)
463 1926 694 2016 observatio,
722 1929 871 2025 juvenis
902 1957 928 2002 a
947 1935 1103 2008 rescisso

96 2047 308 2122 umbilicali
321 2047 502 2144 jecinoris
518 2045 670 2117 vinculo
688 2071 777 2118 mox
795 2049 979 2136 cadentis,
1002 2067 1039 2124 et
1053 2055 1106 2125 ci-

93 2170 239 2244 t'ssime
258 2165 466 2237 morientis.
489 2168 622 2236 Postea
647 2189 737 2236 vero
756 2188 841 2236 cum
862 2168 943 2264 ejus
964 2171 1106 2242 vinculi

93 2282 315 2360 laesionibus
350 2307 477 2380 neque
511 2283 714 2370 rationem,
743 2307 867 2378 neque
904 2284 1106 2384 plerosque
1164 2331 1183 2350 -

96 2419 273 2478 auctores
297 2401 460 2474 multum
484 2399 651 2472 tribuere
672 2399 1036 2492 animadverterem
1064 2429 1108 2476 ea

95 2522 327 2621 cogitatione
345 2520 525 2616 seposita,
544 2519 583 2592 in
598 2516 752 2589 alteram
774 2518 907 2605 incidi,
926 2519 972 2591 ad
991 2545 1105 2618 quam

93 2639 237 2715 Bohnii
258 2636 332 2734 (α),
355 2651 392 2708 et
411 2636 570 2707 aliorum
598 2659 695 2731 quos
714 2635 793 2732 ipse
811 2634 955 2724 laudat,
976 2636 1107 2711 obser·

92 2758 290 2842 vationeS,
306 2769 343 2826 et
360 2752 531 2850 quaedam
552 2767 730 2849 praeterea
748 2755 940 2824 Beniveuii
959 2753 1037 2852 (3),
1055 2759 1109 2826 vi-

92 2874 290 2949 debantur
308 2871 491 2972 excitare,
520 2869 666 2938 ictuum
694 2866 867 2940 videlicet
895 2869 1109 2946 abdominis

13 2987 17 2992 ¹
95 2993 278 3067 homines
297 2969 592 3087 prostrantium,
617 3000 653 3056 et
686 2985 811 3056 subito
843 2987 955 3058 etiam
987 2993 1110 3060 extin-

94 3111 320 3214 guentium,
349 3121 504 3204 propter
518 3103 887 3176 vehementissimam
912 3103 1111 3206 diaphrag-

93 3230 232 3316 matis,
248 3242 290 3298 ut
309 3225 371 3298 ille
390 3225 597 3306 existimat,
620 3225 932 3307 concussionem,
961 3241 998 3296 et
1020 3231 1113 3298 con'-
1195 3251 1213 3274 ·

94 3348 340 3426 vulsionem‚
364 3343 476 3414 uude
508 3337 727 3426 suffocatio,
757 3356 793 3412 et
813 3342 991 3439 asphyxia
1012 3363 1112 3418 'con-

97 3470 267 3565 tingant
288 3468 460 3534 Attamen
489 3485 575 3532 cum
595 3461 690 3530 ictus
714 3457 761 3530 de
791 3459 929 3556 quibus
956 3462 1036 3560 ipse
1062 3464 1115 3536 l'o·

94 3639 1106 3669 W

166 3765 194 3840 ι)
215 3767 301 3822 Ceut.
319 3783 352 3834 ι,
368 3762 433 3818 obs.
449 3759 496 3816 53.

215 3867 259 3921 De
279 3881 401 3921 renunc.
419 3862 502 3918 vutu.
523 3878 546 3916 s.
567 3878 578 3915 1
594 3868 623 3916 et
636 3877 707 3928 a,‘c.
721 3857 750 3914 3.

216 3969 260 4024 Dc
275 3964 369 4024 abdit.
383 3974 439 4022 etc.
452 3959 586 4021 morbor-
598 3958 714 4032 causis,
733 3977 759 4015 c.
776 3974 833 4018 110
844 3933 877 4014 in
889 3954 940 4014 fin.

906 4013 1127 4153 39·v
