2812 4656
298 441 368 524 258
461 465 509 516 nn
534 454 681 516 snntnos
705 465 750 522 nr
774 455 900 512 causis
924 459 1137 512 normann
1192 459 1195 472 ·

293 585 530 688 potissimum
549 595 696 652 ratione
707 578 879 664 tolleret
899 575 1100 652 consilium
1113 575 1297 648 daremus
1400 553 1401 700 l

294 709 381 778 non
410 699 678 800 ignorabamus
702 695 924 766 Marcellum
944 695 1136 766 Donatum
1159 693 1218 790 (1)
1237 717 1302 766 ceu

295 845 419 896 raram
428 817 633 892 admodum
648 839 746 903 rem,
755 837 829 886 nec
843 829 925 886 toto
939 813 1029 884 vitre
1032 835 1107 884 suae
1115 813 1303 884 curriculo

295 943 368 1013 nisi
381 939 491 1026 bis‚a
509 959 546 1009 se
562 932 971 1032 conspectam‚linguae
982 955 1159 1003 verrucas
1169 952 1304 1030 propin
1400 1009 1401 1022 ἵ

294 1061 421 1132 suisse.
437 1060 522 1147 Quo
541 1054 659 1152 magis
683 1063 823 1122 attente
841 1051 881 1120 in
901 1061 1026 1121 exerta
1052 1049 1202 1148 ling-oa,
1230 1065 1304 1122 eta
1400 1081 1401 1092 κ

294 1178 474 1273 chirurgo
498 1174 586 1244 satis
616 1171 815 1268 depressa,
842 1166 937 1265 quid
960 1167 1113 1240 tandem
1138 1193 1178 1240 se
1210 1169 1307 1240 visui

292 1295 493 1391 objiceret,
509 1275 826 1386 exspectabamus.
847 1277 954 1360 Nihil
965 1285 1048 1358 fieri
1065 1301 1215 1384 poterat
1226 1311 1308 1358 vers
1400 1307 1401 1354 l

293 1411 395 1484 rucis
411 1409 458 1481 ad
479 1407 643 1506 speciem
665 1405 847 1493 similius3
865 1401 932 1475 sed
950 1421 1181 1501 reapsenon
1203 1401 1307 1476 aliud

295 1541 403 1601 erant
416 1550 459 1597 ea
474 1522 693 1610 tubercula,
720 1547 834 1620 quam
855 1522 1024 1596 maximae
1040 1519 1111 1592 illae
1131 1523 1306 1592 omnium

293 1666 493 1752 postremae
513 1645 684 1745 papillae,
705 1661 749 1718 ut
775 1668 905 1717 earum
933 1644 1063 1725 sedes,
1089 1667 1132 1714 ac
1159 1645 1307 1742 positus

294 1770 478 1842 continuo
495 1763 728 1850 indicarunt,
752 1761 827 1834 hoc
857 1787 935 1834 uno
955 1776 1173 1860 peccantes,
1203 1761 1309 1860 quod

294 1905 381 1962 eum
403 1897 500 1958 esset
518 1908 561 1956 ea
578 1881 714 1980 lingue
732 1905 819 1980 pars
838 1880 1013 1979 phlogosi
1030 1877 1184 1966 allecta,
1216 1883 1307 1978 ipsu

295 2027 452 2105 quoque
468 2003 663 2100 aliquanto
683 2001 903 2088 crassiores,
932 1999 1162 2096 altioresque
1182 1993 1307 2088 iactae,

293 2119 603 2224 protuberabant.
629 2120 736 2189 Bono
765 2117 879 2216 igitur
899 2119 1026 2190 animo
1055 2139 1136 2188 esse
1171 2112 1308 2188 mulie-

294 2265 396 2329 rem,
412 2253 449 2312 et
464 2237 685 2334 chirurgum
698 2236 809 2333 jussi,
829 2237 1054 2332 nullumque
1074 2233 1177 2305 aliud
1202 2233 1307 2333 quod

292 2343 447 2459 quidem
465 2355 511 2426 ad
527 2355 609 2426 illas
626 2355 820 2440 attineret,
848 2353 937 2426 huic
958 2375 1114 2430 mecum
1128 2353 1308 2426 redeunti

293 2472 610 2558 eonsiliumdedi,
644 2473 716 2543 nisi
739 2488 782 2543 ut
813 2474 1043 2543 anatomicos
1068 2471 1309 2544 ostensiones
1399 2467 1400 2482 ¹

294 2590 576 2691 frequentaret3
595 2599 766 2686 'quarum
800 2589 976 2686 neglectu
1007 2589 1141 2688 saepius
1171 2588 1309 2660 accidit

295 2735 411 2812 quam
426 2723 556 2806 putas,
575 2722 618 2777 ut
634 2731 717 2804 quae
736 2706 921 2778 naturalia
937 2721 1046 2794 sunt,
1061 2729 1109 2777 -ea
1125 2726 1199 2803 pro
1211 2728 1309 2776 mor-

294 2830 354 2902 bis
371 2825 621 2924 accipientum
639 2849 720 2894 non
734 2847 842 2896 secus
852 2847 894 2894 ac
912 2821 1066 2921 quando
1082 2845 1153 2921 pro
1171 2825 1308 2896 ulceris

293 2947 368 3020 bus
399 2956 552 3040 accepta
579 2956 668 3012 sunt
694 2965 737 3012 ea
770 2963 854 3038 quae
888 2939 1098 3013 secundum
1128 2955 1308 3012 naturam

293 3075 424 3162 patent
445 3062 486 3130 in
510 3061 691 3158 proximis
708 3059 869 3131 tonsillis
894 3058 1090 3130 foramina.
1119 3055 1199 3130 ilas
1218 3083 1309 3133 vero

294 3180 371 3252 sive
388 3203 410 3250 a
428 3175 603 3276 praesenti
620 3173 938 3264 inflammatione,
965 3177 1041 3248 sive
1061 3197 1082 3246 a
1101 3196 1308 3274 praegressa

294 3310 484 3370 tumentes
501 3294 540 3363 in
553 3295 713 3364 mortuis
731 3289 885 3390 quidem
902 3317 981 3364 non
999 3293 1114 3364 semel
1133 3291 1307 3366 dissecui.

294 3419 417 3487 Duras
432 3427 558 3484 autem
571 3408 702 3499 factaS,
723 3425 760 3480 et
775 3411 813 3480 in
832 3425 1003 3484 tumores
1017 3407 1234 3483 slrirrhosos
1250 3437 1307 3483 ex·

295 3547 523 3617 crescentes,
541 3545 583 3600 ut
602 3525 702 3599 ierro
730 3527 802 3599 sibi
819 3529 1033 3601 eximendus
1051 3544 1216 3615 curaret,
1241 3554 1307 3600 ne-

294 3651 389 3720 mini
407 3663 539 3718 auctor
565 3669 643 3720 esse
671 3643 794 3736 volui,
816 3672 896 3718 non
928 3647 1033 3746 quod
1058 3647 1176 3718 eximi
1194 3669 1307 3745 posse
1398 3691 1399 3760 ζ

331 4022 374 4103 (ι)
394 4025 439 4080 ne
451 4022 558 4080 mene.
576 4021 644 4078 usn
665 4021 775 4078 utrae.
792 4003 812 4076 ιζ
829 4023 863 4092 a,
881 4041 906 4080 ο.
921 4019 949 4078 5.
