2854 4660
124 453 135 474 ⁵
200 465 838 538 nrn.1v.nru0nnrscnrnuno.‚ete.
856 475 967 526 uersu.
985 479 1032 526 nr.
1062 453 1130 554 atq

125 593 294 688 itemque
311 589 482 664 exaltem
498 588 542 658 cl.
564 589 675 662 Petzii
696 589 768 681 (ι),
789 591 852 684 qui
870 590 1020 663 sinistro
1041 617 1139 672 cere.

125 711 189 788 bri
200 706 714 805 hemisphaerioitasauciato,
728 722 767 778 ut
781 705 994 783 substantiae
1004 734 1139 808 magna

124 850 215 926 pars
240 825 401 898 lacerata
428 823 643 910 secederet,
674 847 753 898 non
784 824 1150 924 modo‘ntrumque,
1221 851 1233 904 ᾗ·
1257 847 1270 906 ,’
1323 875 1326 884 .

127 957 252 1018 artum
285 940 481 1016 dexterum
519 939 697 1012 movendi
725 938 901 1014 facultate
928 959 1139 1034 carentemg
1203 935 1209 946 ’

79 1047 82 1054 ’
128 1058 195 1133 sed
226 1074 263 1130 et
291 1058 538 1132 obscuratum
564 1057 704 1141 visum,
732 1057 902 1134 auditum
929 1075 1054 1132 autem
1083 1041 1142 1138 vin
1183 1051 1186 1055 ’

127 1177 251 1254 ullum
270 1175 509 1273 superstitem
522 1173 570 1246 ab
586 1174 717 1246 endem
733 1173 885 1252 dextera
901 1194 1006 1274 parte
1023 1179 1142 1250 adnn·

127 1294 232 1366 tavit.
266 1294 386 1390 Igitur
405 1315 520 1387 quam
547 1291 848 1366 decussationem
874 1295 922 1367 ad
941 1296 1143 1395 paralysim

127 1413 169 1488 iu
188 1412 304 1486 latere
325 1411 502 1508 opposito
522 1409 781 1508 explicandam
802 1436 1007 1510 agnoscere
1027 1415 1143 1487 debe.

128 1552 234 1616 mars,
253 1553 369 1627 quare
387 1527 434 1600 ad
458 1529 746 1604 convulsionem
769 1554 848 1604 non
864 1533 1144 1628 agnoscamus?

127 1651 314 1720 Caeterum
333 1669 401 1721 cur
418 1648 457 1716 in
470 1670 517 1720 eo
530 1644 668 1743 dequo
689 1649 890 1724 novissime
909 1649 1049 1722 dictum
1069 1667 1143 1742 eet,

122 1763 1144 1864 juveneimmanesilliassidui‚etdiuturniconvulsivi

128 1898 257 1962 motus
289 1881 484 1956 nonnullis
508 1891 594 1952 ante
621 1881 769 1982 obitum
807 1881 911 1955 horis
943 1884 1146 1974 desierint,

128 2025 281 2075 eausam
304 1997 475 2071 Valsalva
499 1999 655 2080 iudicat,
678 2023 766 2072 curn
790 2000 863 2084 ait,
887 2004 1029 2074 sensim
1058 2004 1145 2076 illos

127 2146 207 2221 prae
225 2119 358 2190 virium
377 2117 560 2213 languore
588 2115 778 2190 defecisse.
806 2119 865 2190 Sic
886 2133 922 2188 et
949 2119 1002 2188 illi
1022 2121 1142 2192 multo

127 2236 473 2323 vehementissimi,
496 2235 563 2332 qui
584 2257 698 2332 supra
722 2234 762 2306 in
788 2234 954 2332 quodam
986 2237 1066 2308 viro
1083 2237 1147 2336 tn)

127 2355 312 2453 descripti
335 2368 438 2440 sunt,
460 2353 592 2426 ultima
612 2367 696 2424 vtae
720 2353 815 2428 hora
832 2355 1144 2451 conquieverant.

132 2471 355 2570 Eademque
385 2468 499 2546 fuisse
526 2469 677 2542 videtur
697 2495 826 2555 causa,
860 2494 929 2541 cur
960 2473 1079 2544 altero
1105 2475 1147 2545 in

128 2592 215 2662 viro
231 2588 302 2676 t3l,
317 2590 483 2686 itemque
497 2589 536 2658 in
553 2587 711 2660 muliere
722 2587 776 2685 (Al
790 2589 966 2662 delirium
990 2570 1148 2662 tandem

130 2710 173 2782 in
204 2705 380 2780 lethalem
409 2729 584 2803 soporem
618 2705 913 2804 degeneraverit.
949 2706 1022 2778 Sed
1054 2709 1148 2800 alian

131 2823 228 2900 fissae
241 2823 408 2908 calvariae
425 2824 709 2898 observationes
723 2824 895 2922 accipito.
961 2857 965 2866 ·
1075 2853 1077 2860 ·

143 3017 146 3024 λ
184 2948 243 3042 49.
263 2945 282 3018 J
287 2941 418 3014 uvenis
435 2941 567 3038 viginti
586 2964 798 3025 annorum,
818 2942 857 3014 iu
876 2941 1025 3018 sinistra
1039 2943 1148 3014 oeci·-

133 3061 219 3164 pitii
240 3073 343 3158 parte
359 3058 481 3146 eaesim
503 3057 732 3130 vulneratur.
751 3056 905 3132 Nullum
923 3057 970 3128 ab
992 3058 1070 3129 ictu
1081 3059 1149 3130 ad·

134 3192 292 3260 notatur
304 3191 534 3273 symptoma:
554 3190 590 3247 et
607 3171 695 3250 fetis
708 3176 815 3248 initio
826 3173 978 3246 videtur
987 3176 1146 3246 curatio.

134 3293 279 3374 Diebus
294 3309 420 3379 tamen
441 3289 774 3392 progredientibus
793 3305 935 3388 partes,
950 3292 1051 3362 circa
1073 3289 1150 3363 vul·

135 3437 213 3490 nus
229 3411 343 3506 valde1
357 3425 515 3490 tument.
535 3409 664 3488 Febris
680 3433 765 3482 cum
788 3409 933 3505 rigore,
962 3423 1000 3482 et
1016 3408 1150 3486 delirio

140 3584 1154 3634 Quum—mm

179 3733 226 3814 (r)
248 3735 286 3792 Et
297 3755 345 3792 an.
362 3735 448 3812 1736,
459 3734 556 3794 Hebd.
570 3736 624 3810 34,
637 3755 668 3792 n.
681 3753 709 3794 2.

183 3834 227 3917 (a)
250 3835 289 3892 N.
311 3835 359 3908 87.

182 3936 231 4014 (3)
252 3937 290 3992 tt.
313 3935 362 3994 at.

170 4033 229 4116 (k)
250 4033 289 4096 tt.
311 4035 360 4103 34·
