3000 4658
350 453 421 546 [pt
517 453 563 524 nt
590 468 736 525 serires
764 468 808 523 rr
834 467 958 523 cmsn
985 463 1195 522 consonare

346 594 484 664 teriore
508 591 626 662 cranii
644 589 734 662 facie
750 615 825 688 qua
853 590 925 688 ipsi
943 587 1164 660 imminebat
1178 589 1275 660 sinui
1289 575 1356 658 fatu

304 693 310 710 ⁸
347 711 423 796 cis,
451 709 706 806 prominentia
736 731 842 778 ossea
863 707 1053 794 exstabat,
1079 709 1170 781 levis
1187 705 1248 778 itta
1270 707 1355 804 qui·

347 825 433 896 dem
453 837 490 897 et
508 825 652 912 brevis3
674 825 739 898 sed
760 824 963 920 ejusmodi,
988 839 1030 896 ut
1057 826 1087 897 si
1106 821 1264 924 digitum
1286 841 1356 922 per

345 945 465 1041 ipsam
486 967 505 1013 a
523 941 797 1040 posterioribus
817 953 1032 1014 antrorsum
1058 941 1235 1028 duceres,
1256 957 1354 1041 pun*

346 1075 508 1160 geretur.
529 1065 671 1132 Verum
692 1058 770 1129 baec'
790 1057 837 1130 ad
860 1060 1076 1158 epilepsiam
1103 1059 1280 1150 fortasse,
1307 1057 1356 1131 ad

345 1180 461 1249 ictum
481 1193 583 1250 certe
597 1199 673 1247 non
695 1171 918 1272 pertinebat.
988 1252 990 1255 ,
1037 1215 1040 1225 ν
1074 1199 1077 1207 ·

401 1321 454 1365 12.
476 1293 716 1366 Adeumdem
735 1291 812 1364 fere
824 1292 981 1364 modum
996 1291 1129 1365 eodem
1142 1311 1243 1364 anno
1263 1292 1355 1390 1739

347 1413 448 1502 aliis,
465 1399 510 1484 ut
522 1413 620 1496 seni,
636 1411 735 1498 aliis,
754 1423 796 1483 ut
811 1411 978 1498 mulieri,
998 1433 1043 1482 ex
1067 1413 1201 1510 capitis
1216 1411 1356 1484 ictibus

345 1551 426 1604 rem
444 1529 621 1601 accidisse
648 1527 825 1600 narrabat
852 1525 1059 1614 Mediana,
1086 1523 1358 1600 animadverte«

346 1663 504 1744 ratque,
522 1647 616 1718 sioni
638 1647 782 1746 gravia,
810 1665 892 1742 qnae
920 1646 1028 1717 initio
1060 1637 1238 1733 fuissent,
1265 1643 1356 1717 mali

347 1765 486 1835 indicia
504 1763 781 1862 propemodum
800 1762 1113 1849 obliterarentnr‚
1129 1762 1268 1836 deinde
1285 1787 1360 1835 auu

346 1895 422 1954 tem
440 1879 554 1953 febris
583 1905 625 1953 ex
648 1881 722 1952 levi
749 1881 898 1978 gravior
914 1896 1074 1979 repente
1098 1877 1235 1969 'fieren
1266 1899 1358 1952 crint

347 1997 487 2098 frigore
504 2000 706 2096 ingruens,
723 2013 760 2068 et
777 1999 914 2070 mentis
934 1995 1236 2098 perturbatione,
1262 1999 1292 2068 si
1312 2022 1359 2070 en

348 2115 501 2216 quidem
525 2117 717 2213 ingrueret
733 2111 795 2188 die
821 2115 1046 2202 undecimo,
1068 2132 1229 2188 mortem
1249 2115 1357 2190 adre-

347 2234 447 2314 nisse
458 2231 607 2304 decimo
625 2248 781 2330 quarto:
805 2233 905 2304 siilla
923 2229 1241 2340 decimoquarto,
1258 2233 1362 2304 hane

349 2346 497 2428 decimo
529 2343 703 2444 septimot
835 2401 839 2408 .
1034 2371 1076 2408 π
1143 2368 1147 2406 :
1201 2369 1206 2402 τ

396 2467 487 2556 Quae
505 2463 596 2534 dum
621 2462 731 2561 legis,
761 2449 959 2560 multoque
987 2465 1097 2536 etiam
1126 2465 1242 2564 magis
1268 2489 1358 2537 cum

348 2581 526 2653 Valsalvae
545 2596 600 2652 tot
620 2579 764 2678 legeres
789 2575 1170 2680 observationes-(r),-
1193 2607 1270 2655 non
1285 2581 1359 2655 du·-
1471 2585 1472 2590 ’

346 2699 448 2786 bito,
470 2699 562 2796 quin
582 2699 713 2796 saepius
730 2700 895 2787 mireris,
923 2703 1155 2798 miratusque
1180 2703 1251 2784 sis,
1275 2699 1361 2772 nul·

348 2800 432 2886 lami
443 2815 622 2886 terebrati
643 2817 760 2888 cranii
786 2815 1018 2888 mentionem
1045 2841 1124 2890 esse
1146 2815 1297 2903 factam,
1316 2819 1359 2893 in

348 2934 393 3003 iis
414 2934 619 3030 praesertim
649 2933 885 3023 civitatibus,
917 2935 1126 3033 inquibus
1151 2935 1276 3008 eximii
1292 2935 1363 3012 ,re'i

350 3048 570 3148 chirurgica
592 3050 770 3122 doctores
791 3049 1028 3142 floruissent,·
1043 3055 1110 3150 qui
1136 3053 1260 3150 capite
1277 3077 1361 3124 saue

350 3169 509 3240 ciatiseo
522 3169 649 3240 auxilii
668 3193 805 3266 genere
824 3186 900 3241 tam
916 3187 1091 3269 prompte
1112 3171 1221 3254 oiim,
1250 3171 1360 3268 quod

347 3287 409 3358 vel
427 3297 471 3358 e'x
489 3307 620 3358 eorum
644 3289 792 3385 scriptis
813 3271 1095 3388 cognoscimus,
1117 3311 1228 3386 opem
1259 3285 1365 3362 ferre

351 3420 606 3477 consuessent.
629 3405 759 3474 Mirari
791 3422 918 3476 tamen
947 3405 1119 3493 desines,
1149 3405 1214 3476 ubi
1247 3406 1361 3477 aliam

351 3522 432 3594 aliis
449 3522 635 3609 aetatibus,
653 3547 732 3593 non
743 3525 859 3594 modo
873 3521 973 3620 apud
993 3523 1103 3604 elias,
1122 3523 1187 3595 sed
1203 3537 1241 3594 et
1255 3524 1361 3620 apud

352 3639 500 3713 casdem
517 3653 646 3736 gentes
664 3655 722 3711 tot
746 3641 969 3712 auxiliorum
994 3637 1184 3714 fortunam
1211 3655 1363 3739 specta·

350 3760 465 3846 veris,
478 3760 562 3830 saevi
578 3759 815 3854 potissimum
833 3761 997 3859 generis,
1017 3761 1228 3858 incertique
1247 3753 1363 3832 simul

738 3896 764 3942 Φ

394 4024 440 4100 (¹¹)
461 4023 555 4099 Epist.
572 4023 619 4080 ει.
