2784 5088
301 405 373 496 Δ456
468 429 514 476 ua
540 426 686 477 seorsus
711 427 755 474 ur
780 425 1142 474 causisuoauoaun

298 560 360 617 tus
373 540 503 627 luerit,
522 537 703 638 postridie
724 561 835 608 mane
852 537 1030 608 inventus
1044 552 1102 609 est
1123 553 1286 612 mortuus.

301 665 378 733 Cur
388 673 511 732 autem
525 657 614 744 alia,
633 680 654 726 a
671 679 731 726 me
746 654 887 753 pariter
900 655 1177 740 animadversa,
1190 681 1288 728 erem·

299 777 363 877 pla
374 801 453 846 non
472 797 551 846 esse
564 769 762 845 referenda
775 786 903 870 putem
921 772 1020 844 inter
1033 771 1192 844 vulnera
1208 797 1287 844 cere·

299 894 393 966 belli
404 893 591 990 graviora,
607 915 695 960 mox
707 913 750 960 ea
763 913 1083 975 commemorans,
1100 889 1287 961 ostendam.

301 1011 372 1082 Sed
393 1010 518 1080 militis
533 1008 633 1079 illius
648 1005 824 1078 cerebelli
846 1007 1036 1081 sinistrum
1057 1005 1191 1077 loburn
1209 1023 1290 1078 certe

92 1113 94 1120 ⁵
178 1163 180 1170 ¹
300 1128 499 1223 trajecerat
526 1123 662 1223 globus
685 1122 913 1221 plumbeus:
939 1124 977 1194 in
994 1124 1168 1194 Helvetia
1187 1140 1290 1196 autem

306 1250 446 1317 sinistri
458 1241 629 1314 cerebelli
635 1244 867 1338 princinium
884 1245 1029 1336 nigrum
1048 1255 1087 1310 et
1101 1255 1292 1338 corruptum

301 1366 502 1460 apparuit,
535 1374 638 1430 etex
666 1364 780 1456 ἱρείας
798 1359 1017 1428 substantiae
1037 1364 1202 1446 intimis,
1219 1363 1291 1429 ossis

301 1504 353 1550 ex
370 1483 500 1548 conice
515 1491 666 1546 acutum
690 1480 812 1546 cranii
815 1478 925 1565 sorte
938 1475 1155 1567 frustulum
1174 1491 1293 1548 extrac-

303 1610 382 1666 tum
400 1609 475 1680 ert,
495 1593 542 1663 ab
560 1593 771 1690 eodemque
792 1594 944 1664 sinistro
971 1594 1088 1668 latere
1119 1592 1293 1666 artuslue-

301 1725 389 1784 rant
402 1711 574 1783 resoluti:
595 1709 698 1806 quod
720 1711 771 1782 sic
792 1712 831 1781 in
853 1712 1013 1782 transitu
1034 1735 1292 1797 commemoro,

304 1830 393 1926 quia
407 1830 445 1898 in
461 1828 588 1899 Planci
605 1851 760 1925 quoque
772 1827 1034 1900 observatione
1052 1853 1172 1927 supra
1190 1829 1292 1924 (ilin-

303 1944 424 2017 dicata
443 1961 545 2017 artus
558 1969 636 2016 non
656 1946 869 2042 oppositos,
888 1944 954 2016 sed
974 1944 1170 2042 subjectos
1191 1947 1292 2016 vitiato

305 2063 483 2136 cerebelli
501 2061 592 2133 lobo
622 2063 805 2159 corripuit
828 2062 1077 2161 bemiplexia3
1099 2081 1144 2136 ut
1170 2063 1292 2136 dubita·

302 2182 357 2252 tio
377 2207 458 2278 quae
487 2180 691 2277 Caesalpino
712 2181 785 2276 (a),
810 2194 846 2251 et
875 2179 969 2250 mihi
1001 2183 1148 2278 pariter
1172 2182 1223 2279 (3)
1245 2180 1291 2250 ali·

305 2298 459 2396 quando
482 2297 637 2369 suborta
656 2311 752 2384 erat,
768 2297 850 2368 tolli
868 2321 979 2394 posse
997 2297 1194 2389 videatur,
1207 2300 1291 2396 siper

304 2415 394 2486 alias
413 2415 540 2512 plures
563 2409 713 2484 harum*
727 2414 865 2486 similes
892 2414 1178 2489 observationes
1207 2437 1291 2488 cons

307 2651 459 2735 cientis;
473 2649 580 2719 aliter
594 2650 633 2718 in
647 2647 851 2737 cerebello,
870 2675 984 2746 quam
1002 2651 1042 2720 in
1056 2652 1215 2726 cerebro
1233 2650 1292 2748 ple·

304 2790 469 2862 rumque
503 2767 643 2854 soleat,
674 2766 919 2864 deprehendi.
957 2771 1061 2839 Tunc
1096 2786 1221 2842 autem
1245 2765 1292 2836 ubi

307 2884 419 2956 simul
442 2883 657 2973 cerebrum,
691 2901 727 2956 et
761 2883 988 2958 cerebellum
1011 2887 1141 2960 vitiata
1172 2899 1292 2970 essent,

308 3001 462 3074 credere
502 3003 587 3099 quis
622 3017 770 3099 posset,
807 3005 934 3076 minus
971 3003 1067 3078 illud
1109 3007 1229 3078 valere
1258 2999 1292 3074 ad

305 3120 503 3220 paralysim
531 3121 569 3188 in
597 3121 756 3191 adverso
777 3120 911 3209 latere,
940 3147 1053 3219 quam
1073 3122 1150 3195 hoc
1170 3125 1207 3192 in
1228 3117 1292 3192 sub

208 3328 217 3350 υ
302 3239 426 3334 jecto,
446 3236 720 3324 inducendam,
745 3238 831 3308 siin
852 3238 932 3310 aliis
945 3265 1107 3338 quoque
1131 3241 1226 3312 idern
1241 3235 1291 3308 ad-

305 3369 501 3424 notaretur
514 3353 617 3451 quod
633 3353 681 3424 ab
690 3359 843 3426 Foresto
859 3357 913 3452 (Δ)
926 3360 965 3426 in
974 3356 1182 3456 lethargico
1192 3374 1289 3455 puero

407 3761 440 3814 L.
458 3776 489 3826 a,
505 3769 606 3831 quaest.
622 3759 700 3815 med.
720 3778 755 3815 10
768 3759 800 3815 in
813 3758 866 3818 fin.

406 3857 501 3931 Epist.
516 3869 595 3912 anat.
610 3859 661 3927 13,
680 3878 710 3913 n.
725 3860 772 3915 23.

408 3959 440 4012 L.
459 3959 511 4026 io,
528 3957 592 4014 obs.
606 3957 713 4014 medic.
729 3957 777 4013 11.

1356 1128 1361 1420 l

190 2609 194 2614 ,
303 2547 429 2602 tanter
448 2545 647 2629 appareat,
668 2530 796 2602 sedem
818 2555 959 2619 causae,
978 2531 1241 2632 hemiplexiam
1254 2529 1292 2602 la·
1362 2581 1363 2614 3
