2854 4660
200 372 202 376 ¹
279 386 348 462 352
442 411 489 458 nr
514 405 661 456 seuleus
686 407 730 454 nr
755 404 879 454 causis
905 405 1117 454 nonnonun

279 529 414 600 simum
438 523 647 596 secundum
673 519 784 592 diem.
822 523 865 590 ln
892 520 1015 617 capite
1038 544 1126 592 cum
1155 535 1295 618 praeter

280 669 359 716 eam
373 667 455 748 (με
475 621 639 711 exterius
658 637 884 737 apparebat,
904 637 1114 726 laesionem,
1131 639 1243 710 nulla
1256 641 1295 709 in

279 761 428 848 cranio,
445 759 548 828 nulla
576 760 616 827 in
639 753 815 844 cerebro,
850 756 923 826 nisi
951 753 1057 852 quod
1088 757 1293 852 paululum

279 879 352 952 seri
366 881 406 948 iu
426 875 541 975 hujus
560 875 784 946 dissectione
807 873 1016 961 emanavit,
1038 893 1206 970 usquam
1233 874 1297 946 de·

279 995 467 1098 prehendi
479 982 700 1092 potuisset,
735 992 905 1064 reclusus
928 1006 984 1064 est
1001 990 1148 1062 thorax.
1176 995 1296 1088 Cujus

278 1131 483 1212 utrumque
498 1135 628 1185 cavum
640 1133 736 1209 pure
752 1109 1138 1209 plenum;·pulmones
1148 1125 1296 1198 autem,

280 1233 450 1332 quamvis
470 1230 616 1302 acostis
633 1228 760 1316 soluti,
776 1227 951 1326 pluribus
973 1225 1143 1298 distincti
1161 1227 1296 1300 tuber·

281 1350 375 1421 culis
385 1348 530 1419 inventi
544 1361 630 1418 sunt
640 1401 651 1432 ,
661 1369 827 1444 quorum
837 1345 959 1442 aliqua
971 1347 1049 1446 jam
1061 1361 1295 1444 suppurata,

282 1468 423 1544 saniem
444 1466 560 1536 incisa
577 1463 808 1536 emittebant.
828 1467 871 1534 In
886 1463 1100 1561 pericardio
1113 1468 1177 1536 vix
1194 1489 1298 1563 aqua

279 1584 490 1682 vestigium.
520 1587 562 1652 In
585 1583 710 1656 cordis
733 1580 920 1654 ambobus
941 1582 1163 1656 ventriculis
1188 1584 1296 1682 poly-

280 1727 379 1802 posae
395 1702 656 1774 concretiones
667 1703 725 1789 ,in
745 1699 899 1772 dextero
915 1701 1056 1796 major,
1077 1702 1118 1772 in
1136 1703 1295 1776 sinistro

281 1834 406 1892 autem
422 1819 558 1890 minor.
570 1822 712 1891 Ventre
729 1817 895 1916 denique
914 1832 1068 1916 aperto,
1088 1821 1127 1888 in
1145 1818 1296 1918 hepatis

282 1951 388 2038 parte
402 1936 554 2008 dextera
574 1936 706 2008 crebra
728 1934 926 2008 tubercula
954 1951 1159 2034 conspecta
1189 1953 1297 2028 sunt,

283 2071 320 2128 et
343 2056 383 2124 in
406 2054 465 2126 his
483 2053 669 2125 nonnulla
689 2077 772 2152 quae
787 2055 864 2151 jam
877 2068 1131 2152 pervenerant
1146 2055 1197 2126 ad
1215 2080 1298 2154 sup

283 2173 531 2272 purationem.

334 2317 390 2363 αι.
405 2287 540 2378 Vides,
564 2304 607 2360 ut
623 2291 791 2389 propriis
813 2287 1141 2362 observationibus
1159 2290 1298 2362 adduc·

281 2425 341 2480 tus
357 2405 529 2480 Valsalva
541 2407 588 2478 sit
602 2407 650 2477 ad
668 2406 942 2504 scribendum(
968 2407 1002 2502 ),
1018 2408 1059 2478 in
1075 2407 1212 2504 capitis
1225 2409 1298 2482 vul·

282 2524 438 2602 neribus
462 2522 561 2596 affici
583 2525 789 2622 aliquando
815 2524 981 2598 thoracis
999 2527 1159 2596 viscera:
1179 2553 1297 2624 quan-

284 2667 398 2742 quam
422 2641 561 2713 adduci
582 2657 731 2740 poterat
756 2658 793 2714 et
816 2644 957 2716 alienis
985 2642 1164 2714 Nicolaus
1195 2645 1298 2716 enim

284 2764 403 2831 Massa
414 2759 468 2857 (2)
488 2777 736 2858 conspexerat
756 2761 834 2856 jam
864 2785 964 2832 auno
993 2757 1095 2848 1533,
1112 2777 1297 2857 praesente

283 2880 440 2959 Victores
458 2878 691 2968 Trincavella
708 2903 794 2950 cum
815 2879 896 2950 aliis
928 2878 1155 2950 doctissimis
1186 2881 1295 2968 viris,

283 3022 425 3094 eaquae
445 3021 532 3068 cum
550 3011 692 3067 exstare
708 2995 811 3066 haud
834 2996 982 3068 videam
999 3021 1078 3068 non
1097 2997 1218 3068 modo
1236 3000 1296 3070 hic

283 3119 323 3186 in
337 3115 602 3212 Sepulchret0,
620 3114 685 3186 sed
706 3139 834 3212 neque
851 3115 952 3212 apud
969 3115 1086 3204 ullos,
1105 3116 1211 3212 quod
1226 3143 1297 3188 me

283 3235 477 3320 minerim,
497 3232 563 3329 qui
578 3229 624 3303 de
639 3231 754 3336 robus
775 3232 963 3328 ejusmodi
983 3247 1158 3332 egerunt,
1182 3237 1296 3333 scrip-

284 3365 405 3438 tores,
423 3373 550 3446 presse
568 3348 631 3419 hic
643 3348 713 3420 tibi
731 3349 1050 3422 commemorabo.
1070 3350 1296 3440 Quidamex

282 3467 439 3538 vulnere
459 3465 601 3538 inflicto
631 3467 790 3539 dexterae
817 3470 949 3566 capitis
973 3471 1071 3566 parti
1095 3492 1219 3568 prope
1246 3497 1296 3552 sa·

285 3584 450 3684 gittalem
481 3598 669 3673 suturam,
697 3609 784 3656 cum
825 3589 1046 3684 meningum
1089 3587 1294 3676 incisione,

288 3748 1293 3793 --—·--·--·—-——-·-·—-ss--—--—

325 3869 367 3952 (ι)
390 3873 551 3944 Supra,·u.
569 3868 604 3925 15
619 3869 650 3924 in
668 3869 719 3926 fin.

324 3973 369 4056 (a)
389 3971 455 4029 Lib.
469 3969 580 4028 introd.
596 3979 676 4028 anat.
690 3989 717 4028 c.
731 3970 778 4028 28.
