2872 4660
180 444 250 490 nto.
278 444 332 490 111.
362 444 408 490 or.
435 443 899 505 uonnrsvsurnis,c1²1sr.
927 419 1053 492 xtvur'.
1091 417 1139 493 85

126 569 248 628 totam
280 555 414 659 haliuit
439 556 660 628 interiorem
691 553 821 628 faciem
854 571 1044 655 asperam,
1069 583 1142 630 neo

126 689 255 747 tamen
273 673 552 762 exulceratam
570 675 741 770 quamvis
764 677 1048 773 atrosanguine
1075 675 1141 747 loe-

127 790 238 879 dam,
259 806 396 879 totam,
424 792 602 888 inquam,
631 789 760 881 fundi,
783 817 861 879 non
890 795 1067 882 cervicis;
1090 809 1143 866 ta·

119 910 239 982 metsi
251 910 391 982 uterini
409 909 528 982 osculi
544 933 686 980 corona
700 924 779 981 erat
791 911 959 982 crassior.
1089 923 1092 930 ’

180 1027 238 1124 39.
255 1029 332 1098 Nec
350 1026 444 1098 mihi
454 1041 589 1124 prester
605 1027 1142 1124 easquaspollicitussumaliee

127 1145 288 1234 desunt,
309 1146 421 1234 uteri,
443 1145 482 1218 in
498 1145 595 1218 latus
612 1146 797 1234 alterum,
817 1145 882 1218 sed
899 1161 1082 1218 atomore
1100 1149 1142 1218 in

129 1263 310 1362 opposito
338 1262 455 1333 latere
484 1263 677 1348 inclinati,
721 1262 1012 1334 observationes.
1051 1265 1145 1336 Satis

129 1396 257 1452 autem
276 1381 315 1450 in
333 1379 596 1478 praesentiahae
614 1396 703 1454 sunt
720 1405 813 1478 quas
832 1377 981 1454 edocto
997 1381 1142 1469 addidi,

127 1499 209 1572 aliis
223 1498 356 1572 litteris
373 1498 420 1570 ad
437 1514 474 1571 te
493 1501 664 1598 scriptos,
684 1491 849 1598 primuni
872 1495 922 1571 ut'
935 1500 1141 1600 intelligas,

129 1617 231 1688 uteri
251 1614 514 1713 obliquitatem
531 1641 611 1688 non
625 1641 711 1690 esse.
719 1619 965 1708 rarissimam,
985 1617 1143 1705 deinde,

129 1749 173 1806 ut
191 1731 371 1806 omnibus
387 1734 486 1804 inter
497 1759 535 1808 se
552 1735 713 1822 collatis,
731 1757 883 1822 noscas,
901 1761 993 1806 num
1009 1737 1142 1833 saepius

129 1851 212 1940 illa,
232 1849 338 1948 quod
364 1852 540 1924 nonnulli
564 1852 740 1924 videntur
766 1853 941 1940 credere,
969 1853 1142 1924 dextror-

132 1995 217 2042 sum
236 1968 396 2057 accidat,
414 1995 462 2041 an
482 1969 585 2041 haud
602 1971 727 2040 minus
750 1994 845 2068 saepe
871 1972 1141 2042 sinistrorsum.

131 2092 220 2160 Non
241 2087 303 2158 hic
330 2102 435 2160 vacat
458 2087 597 2158 alienas
630 2087 911 2160 ohservationes
943 2089 1140 2185 inspicere.

133 2207 207 2279 Sed
229 2222 355 2278 tamen
376 2203 423 2278 de
447 2203 593 2278 duabus
620 2229 714 2302 quas
749 2206 788 2274 in
814 2202 1061 2303 Sepulchreto
1092 2206 1143 2275 le-

136 2327 233 2426 gisse
260 2325 417 2396 memini
434 2315 589 2396 Joannis
615 2324 764 2398 Riolani
785 2321 1152 2420 alteram(1),alte-2

133 2468 214 2514 rain
237 2442 425 2516 Frmcisei
448 2441 562 2538 Sylvii
587 2440 663 2539 (ι),
687 2441 751 2512 illa
781 2441 1042 2532 dextrorsum,
1065 2441 1143 2512 haec

135 2561 394 2633 sinistrorsum
420 2561 613 2658 proponit.
647 2557 747 2630 Illud
776 2558 967 2656 denique,
1001 2557 1144 2630 collatis

134 2678 275 2752 nostris
308 2672 507 2760 omnibus,
537 2675 644 2749 facile
680 2678 866 2774 colliges:
907 2701 988 2774 quae
1027 2679 1145 2773 Ruys·

136 2796 246 2868 chius
266 2777 461 2894 &ignavia
480 2794 724 2868 incommoda
743 2793 789 2865 ab
808 2793 951 2864 laterali
972 2794 1069 2865 uteri
1089 2795 1144 2863 in-

137 2913 343 2987 clinatione
365 2909 478 2984 fuisse
502 2912 679 3000 credidit,
702 2911 874 2983 dolorem
894 2910 1146 3008 hypogastrii,

139 3045 319 3104 conatum
333 3030 544 3128 expellendi
566 3028 929 3128 frequentissimum,
952 3027 1147 3125 mingendi

79 3143 82 3150 ’
140 3148 371 3222 desiderium
386 3149 631 3234 continuum,
650 3163 714 3219 aut
729 3161 831 3218 certe
849 3172 928 3217 non
947 3147 1032 3217 satis
1043 3171 1148 3243 expe·

140 3267 257 3340 ditam
279 3267 513 3350 mintionem,
528 3266 574 3337 de
591 3264 652 3338 his
672 3262 829 3338 feminas
844 3266 883 3334 in
900 3262 1040 3360 quibus
1052 3287 1073 3332 a
1086 3285 1149 3334 me

140 3383 179 3456 id
197 3384 330 3455 vitium
345 3385 444 3456 uteri
461 3383 743 3482 deprehensum
761 3397 839 3467 est,
864 3405 942 3450 non
962 3404 1042 3450 esse
1057 3404 1151 3476 conf

142 3515 314 3600 questas;
334 3501 479 3573 tametsi
499 3499 781 3596 inquibusdam
797 3523 876 3570 non
894 3497 974 3568 leve
987 3496 1026 3566 id
1035 3513 1153 3584 esset,

145 3676 1151 3715 m-..r-m„

183 3788 229 3864 (ι)
251 3787 329 3843 Sect.
345 3783 400 3843 hac
414 3789 450 3846 38
461 3828 469 3855 ,
482 3786 546 3846 obs.
565 3805 598 3861 9,
614 3790 629 3856 S
643 3785 673 3842 8.

184 3887 229 3964 (ι)
252 3888 331 3946 Sect.
349 3906 401 3960 ro,
418 3888 490 3946 libri
505 3885 595 3960 hujus
609 3888 644 3957 3,
659 3885 723 3942 obs.
739 3885 786 3942 28.

183 3987 230 4067 (3)
252 3989 338 4046 Ceut.
352 3989 416 4045 obs.
434 3999 513 4046 anet.
531 3981 605 4044 chin.
620 3985 668 4044 88.
