2854 4660
281 461 352 538 388
443 483 492 536 nu
517 481 664 532 surmus
688 483 733 530 rr
758 477 883 530 causta
908 477 1119 531 raomoamt

278 601 420 700 ingruit
443 595 491 671 ad
509 595 780 670 duodecimum
805 596 932 686 diem3
961 622 1064 670 mors
1088 613 1216 670 autem
1245 595 1293 670 ad

277 718 467 792 decimum
490 729 678 814 quartum.
703 715 802 786 Dum
832 714 1038 786 cadavere
1069 715 1169 787 lecto
1198 715 1294 788 aule·

276 849 389 922 runt,
403 859 482 906 nou
492 857 606 933 parva
622 831 815 930 sanguinis
833 831 943 930 copia
957 829 1105 904 effluite
1119 833 1292 905 vulnere.

278 954 451 1026 Sectione
478 965 604 1022 autem
630 951 821 1038 instituta,
860 963 939 1020 tota
973 975 1017 1020 ea
1042 975 1130 1048 pars
1159 953 1294 1050 capitis

278 1095 362 1168 quae
398 1070 652 1156 intumuerat,
687 1067 869 1164 sanguiue
904 1067 1055 1165 turgida
1082 1069 1291 1141 invenitur.

277 1188 356 1260 Etsi
372 1211 464 1260 vero
483 1188 521 1256 in
545 1184 730 1256 exteriore
762 1184 856 1256 ossis
872 1179 964 1256 lacie
994 1182 1160 1275 ferrum,
1185 1187 1296 1284 quod

277 1305 417 1377 vulnus
431 1301 642 1390 inflixerat,
665 1300 786 1372 levem
800 1299 982 1373 duntaxat
995 1302 1225 1374 incisionem
1243 1327 1296 1375 re

276 1422 457 1520 liquerat;
475 1419 522 1490 ad
539 1417 651 1514 hujus
677 1433 804 1488 tamen
826 1417 924 1490 latus
942 1415 1077 1490 fissura
1105 1434 1208 1508 erat,
1233 1422 1296 1490 cui

277 1537 514 1640 respondeus
529 1559 650 1609 crassa
665 1536 820 1607 meninx
836 1536 1080 1634 purulentam
1095 1537 1296 1609 materiam

278 1655 352 1732 sibi
375 1653 498 1728 valide
518 1649 771 1726 adherentem
800 1652 982 1726 habebat:
1012 1653 1181 1752 huicque
1208 1655 1281 1728 sub

276 1773 378 1876 jecta
404 1770 552 1846 cerebri
575 1794 663 1870 pars
682 1771 894 1844 naturalem
916 1772 1085 1844 colorem
1112 1771 1295 1843 nonnihil
1414 1871 1415 1874 Ἴ

277 1891 453 1966 inatrum
472 1903 691 1961 mutaverat.
712 1891 849 1961 Praeter
866 1889 959 1978 hoc,
982 1887 1079 1960 nihil
1106 1887 1295 1963 adnotatu
1414 1887 1415 1912 ¹

279 2008 438 2108 dignum
458 2009 500 2080 in
526 2021 608 2078 toto
625 2006 774 2104 reliquo
791 2005 950 2080 cerebro
965 2003 1047 2078 luit.

330 2124 387 2200 50.
407 2126 476 2198 Vir
491 2126 645 2224 triginta
665 2139 742 2196 tres
767 2126 917 2196 circiter
942 2149 1065 2198 annos
1086 2140 1220 2215 natus,
1249 2152 1295 2198 ex

279 2244 356 2320 alto
373 2245 414 2314 in
433 2257 573 2316 terram
594 2241 702 2314 cadit.
729 2245 815 2314 Non
835 2241 1028 2341 loquitur:
1057 2267 1189 2316 sensus
1215 2269 1293 2316 om-

280 2385 350 2438 nes
377 2361 577 2434 interiores
606 2361 751 2432 amittit.
787 2362 955 2432 Primum
985 2362 1127 2452 vomit;
1154 2360 1294 2435 deinde

281 2494 441 2552 conatus
476 2476 598 2549 solum
628 2477 808 2549 vomendi
851 2493 1045 2568 remanet;
1082 2479 1294 2552 convulsivi

282 2593 469 2672 accedunt
504 2608 652 2666 motus:
675 2592 787 2666 facies
817 2595 953 2682 rubet:
974 2596 1105 2694 pulsus
1133 2612 1193 2670 est
1218 2611 1296 2670 tur·

282 2711 393 2816 gidus
422 2739 430 2781 :
476 2713 626 2810 sanguis
670 2737 690 2782 e
724 2711 905 2798 naribus,
948 2729 985 2786 et
1021 2713 1173 2786 sinistra
1203 2738 1296 2788 aure

283 2827 475 2928 erumpit:
510 2825 713 2902 difficulter
738 2831 922 2928 respirat:
953 2831 1129 2929 intraque
1161 2832 1295 2931 viginti

283 2960 447 3048 quatuor
472 2969 494 3018 a
512 2945 620 3044 lapsu
637 2945 750 3018 horas
769 2971 789 3017 e
816 2947 892 3017 vita
910 2945 1066 3019 excedit.
1091 2949 1236 3047 Capitis
1253 2951 1295 3022 si·

282 3067 402 3140 nistra
422 3089 510 3164 pars
526 3065 739 3138 musculum
757 3065 1006 3163 temporalem
1023 3064 1191 3139 habebat
1202 3092 1296 3139 con-

168 3175 173 3186 ’
283 3197 430 3272 tusum,
455 3184 675 3282 arteriaeque
704 3182 923 3281 temporalis
954 3207 1081 3256 ramos
1097 3184 1294 3259 laceratos.

283 3301 356 3374 Illo
370 3300 521 3374 sublato
537 3301 731 3388 musculo,
758 3301 910 3374 duobus
934 3305 1157 3376 transversis
1182 3329 1300 3403 supra

288 3443 418 3490 aurem
437 3419 580 3516 digitis,
608 3419 726 3492 cranii
753 3416 886 3491 fissura
917 3420 1070 3492 inventa
1093 3435 1151 3494 cst
1173 3419 1296 3494 forma

286 3559 397 3608 arcus
409 3563 417 3604 ε
429 3551 466 3608 et
487 3561 608 3636 prope
620 3536 719 3608 hanc
736 3534 909 3608 fissuram
925 3552 1124 3612 concretus
1140 3541 1296 3639 sanguis

194 3731 203 3752 Ι
288 3655 336 3728 ad
360 3654 453 3726 duas
477 3656 606 3728 uncias
625 3657 794 3726 cranium
809 3657 908 3726 inter
925 3670 962 3727 et
972 3680 1134 3728 crassam
1152 3659 1296 3730 menin-

287 3797 393 3874 gem;
408 3797 490 3871 quar
505 3788 631 3845 tamen
642 3827 652 3862 ,
664 3789 707 3845 ut
720 3787 757 3845 et
773 3773 964 3872 reliquum
972 3774 1176 3847 cerebrum
1186 3831 1196 3866 ‚
1208 3801 1295 3850 sana

288 3907 379 3964 erat.
402 3895 446 3964 ln
472 3905 624 3976 ventre,
648 3915 734 3964 aere
765 3891 941 3991 turgebat
963 3894 1225 3988 uentriculus,
1255 3909 1295 3966 ut

289 4011 402 4088 etiam
424 4010 465 4082 in
489 4007 644 4084 thorace
661 4009 880 4109 pulmones,
913 4009 1044 4085 dexter
1071 4013 1293 4111 praesertim:
