2946 4662
319 445 394 538 450
479 465 526 514 ns
551 461 698 513 srntnns
722 464 767 512 sr
791 463 915 514 crans
940 462 1150 514 normann

319 581 420 656 filius
445 575 674 652 clarissimus
691 576 746 671 (1)
766 601 838 674 pm
860 576 1048 650 cerebello
1070 593 1248 677 corrupto
1266 580 1327 652 in·

319 695 564 796 telligendum
582 695 766 768 existimat
784 693 1014 770 cerebellum
1035 694 1216 768 duntaxat
1230 699 1326 770 mol·

316 819 411 902 lius,
436 838 506 886 nec
534 813 650 884 nativi
671 811 828 899 coloris3
861 812 1044 900 attinent,
1069 815 1225 910 inquam
1251 818 1325 912 pri-

316 957 448 1020 rnurn,
470 953 553 1028 quas
580 952 707 1000 inassae
727 926 789 1024 (a)
810 943 886 1015 est,
902 931 1141 1026 apostematis
1161 933 1200 1000 in
1220 955 1325 1004 cere·

295 1052 419 1126 ‘bello
438 1063 524 1147 post
535 1046 673 1118 vulnus
690 1046 891 1143 sincipitis,
906 1050 1106 1144 suppurati
1123 1070 1205 1118 cum
1217 1055 1325 1120 sanie

315 1165 520 1244 laudabili:
540 1161 678 1235 deinde
693 1162 809 1234 altera
829 1162 877 1234 ab
894 1165 1016 1235 amico
1033 1163 1081 1236 ad
1099 1189 1169 1236 nos
1184 1166 1324 1262 scripta

312 1285 433 1370 anne,
456 1282 546 1379 1735
568 1280 647 1352 lobi
663 1279 841 1351 cerebelli
861 1280 1024 1368 dexteri,
1059 1305 1174 1378 quem
1200 1297 1322 1358 totum

312 1401 444 1476 viridis
481 1415 518 1471 et
552 1397 667 1470 fetida
701 1399 823 1469 sanies
856 1413 1093 1495 pervaserat,
1121 1414 1323 1496 postquam

310 1518 529 1619 proximum
551 1540 593 1588 os
607 1531 824 1612 temporum
844 1514 906 1587 hic
919 1515 995 1586 illic
1011 1517 1110 1586 caric
1124 1513 1322 1602 affecerat,

313 1635 523 1732 duramque
542 1633 759 1731 meningern
779 1645 1019 1704 corroserat:
1041 1647 1122 1704 tum
1142 1633 1271 1729 hujus,
1291 1635 1322 1706 si

312 1778 461 1826 causam
495 1766 662 1850 spectes,
692 1776 771 1822 non
812 1750 1000 1822 dissimilis
1030 1766 1181 1838 nostra,
1206 1752 1254 1824 ad
1283 1767 1321 1825 te

311 1874 403 1946 elias
432 1869 490 1969 (3)
523 1870 657 1956 missa,
684 1868 751 1942 sed
781 1893 827 1939 eo
853 1868 1041 1941 dissimilis
1066 1868 1172 1966 quod
1200 1873 1323 1946 sanies

310 1990 442 2063 lobum
466 1987 643 2059 eumdem
661 1985 837 2060 cerebelli
853 1984 1050 2084 superficie
1069 2001 1180 2058 tenus
1203 1987 1323 2084 idque

309 2108 496 2204 exaliqua
516 2121 661 2178 tantum
683 2119 790 2202 parte
809 2105 1022 2175 vitiaverat:
1047 2118 1181 2201 quarta
1210 2105 1317 2178 deni-

308 2249 383 2324 que
401 2224 446 2295 cl.
465 2223 591 2294 Planci
620 2223 697 2318 (4),
731 2220 923 2293 abscessus
949 2219 1042 2292 duas
1069 2223 1196 2294 tertias
1230 2222 1313 2296 lobi

308 2343 409 2413 illins
425 2355 549 2439 partes
562 2341 793 2435 occupantis.
816 2341 935 2411 Nemo
952 2338 1108 2435 quidem
1117 2364 1160 2410 eu
1171 2341 1314 2437 prime,

308 2473 372 2531 aut
391 2482 436 2528 ex
448 2455 566 2526 altero
587 2455 666 2526 vitii
682 2479 818 2552 genere
834 2470 957 2528 morte
975 2458 1174 2558 repentina
1190 2457 1318 2546 illice,

309 2589 450 2648 etcum
477 2595 590 2644 sanus
614 2572 828 2660 videretur,
855 2573 1024 2646 sublatus
1056 2588 1131 2662 est;
1156 2573 1223 2648 sed
1244 2599 1319 2648 nec

306 2692 438 2762 uitium
451 2704 607 2787 repente
632 2705 687 2761 est
712 2688 872 2775 factum,
889 2691 934 2764 iis
949 2705 1075 2762 autem
1085 2717 1167 2789 qnae
1186 2693 1319 2790 paula-

306 2809 375 2881 tim
389 2806 508 2893 fiunt,
525 2821 657 2878 natura
673 2809 844 2904 corporis
858 2807 1143 2904 quodammodo
1165 2809 1317 2882 adsues-

295 2927 377 3028 cit,
396 2943 434 2996 et
452 2923 557 3022 quod
574 2921 722 3011 deficit,
747 2924 900 2996 aliunde
927 2949 1005 3022 quo
1026 2925 1073 2996 ad
1097 2927 1178 3022 ejus
1191 2922 1318 2998 *facere

306 3057 452 3142 potest,
473 3040 631 3138 supplet.
650 3042 767 3137 Cujus
791 3043 847 3115 rei
874 3047 914 3112 in
933 3043 1059 3115 nervis
1079 3044 1169 3141 ipsis
1195 3069 1317 3116 exem·

304 3161 412 3261 plum
431 3155 629 3257 liroferam.
654 3157 756 3250 Quid
777 3161 880 3232 enim
907 3184 1026 3232 causae
1049 3158 1160 3233 luisse
1184 3176 1318 3260 putas,

306 3276 556 3377 quamobrem
581 3277 683 3350 canis
706 3282 768 3349 cui
797 3279 1017 3370 dexterum,
1042 3281 1315 3379 sinistrumque

342 3653 388 3734 (1)
408 3655 509 3712 Sehol.
524 3655 556 3710 in
567 3655 637 3712 edit.
650 3656 706 3711 ult.
718 3656 758 3712 ad
770 3674 834 3712 eam
846 3656 911 3718 obs.
924 3677 990 3734 quae
1002 3677 1022 3736 9
1034 3669 1089 3716 est.

345 3767 387 3852 (a)
408 3773 443 3828 Ι..
456 3769 569 3826 introd.
582 3781 661 3827 anati
680 3789 705 3828 c.
721 3770 768 3830 28.

343 3886 388 3964 (3)
407 3885 501 3962 Epist.
520 3891 574 3958 14,
591 3906 621 3943 n.
640 3885 667 3943 3.

339 3999 383 4077 (l)
404 4002 440 4056 In
454 4001 582 4076 append.
600 4001 639 4060 ad
653 4001 746 4077 Epist.
764 4002 942 4062 demonstr.
