2784 5088
292 385 365 474 460
458 387 679 458 nc'stnmus
705 409 748 456 ar
773 409 899 458 ciuus
925 409 1137 466 notrorum

288 525 405 609 tium,
420 523 588 618 Augenio
604 522 680 618 (r),
698 523 775 592 imo
793 537 829 594 et
847 517 989 604 Galeno
1010 525 1091 620 ipsc
1109 521 1172 619 (a)
1190 546 1232 594 se
1248 525 1301 592 ti-

290 640 408 726 disse,
423 615 664 727 teitantibus,
679 656 720 711 ut
737 642 865 710 mirari
879 640 1010 712 subeat
1029 641 1134 738 quod
1155 642 1196 709 in
1212 665 1303 738 que

290 756 378 828 dam
394 756 631 854 Sepulchreti
650 756 794 830 scholio
805 756 863 853 (3)
879 757 1098 828 adnotatum
1114 772 1192 842 est,
1211 782 1301 828 vcro

290 874 409 946 simile
426 897 525 960 esse,
554 873 728 944 miranda
755 873 933 970 quaedam
959 875 1120 946 vulnera
1152 881 1303 972 capitu,

291 1017 374 1064 cum
402 989 562 1062 evidenti
585 991 728 1066 cerebri
758 991 931 1079 laesione,
959 994 1061 1086 cujus
1096 997 1304 1062 etiamnum

283 1109 490 1208 particulae
509 1113 592 1180 vita
615 1114 809 1206 superstite
837 1108 1000 1206 demptae
1025 1123 1127 1195 sunt,
1151 1133 1237 1178 non
1258 1107 1304 1178 le-

292 1225 560 1316 thaliafuisse,
580 1225 685 1322 quod
695 1231 830 1296 cortice
844 1241 948 1296 tenus
963 1228 1148 1317 offensum
1155 1229 1305 1316 fuerit,

204 1393 208 1404 .
294 1342 414 1414 illaesa
445 1341 649 1413 medullari
672 1344 904 1429 substantia,
941 1368 1055 1439 quam
1083 1344 1149 1414 ubi
1171 1349 1306 1413 vitium

294 1464 421 1555 attigit
427 1513 437 1545 ‚
443 1462 546 1550 fatis
557 1459 833 1530 concedendum
839 1462 932 1551 fuit.
945 1462 981 1530 Si
992 1460 1092 1530 enim
1105 1460 1212 1530 lectae
1226 1458 1308 1530 suia

270 1591 376 1648 -sent
395 1576 464 1646 illae
483 1577 790 1662 observationeS,
824 1604 870 1649 ex
899 1603 1029 1650 earum
1061 1603 1139 1648 non
1177 1578 1307 1674 paucis

292 1695 485 1791 cognitum
506 1711 617 1783 esset,
648 1721 726 1767 uon
751 1695 866 1768 modo
891 1721 984 1766 num
1003 1697 1135 1766 vitium
1157 1696 1205 1766 ad
1234 1721 1306 1766 me·

293 1803 477 1884 dullarem
507 1812 754 1884 substantiam
783 1837 861 1884 non
886 1815 1140 1911 pervenisset,
1171 1838 1304 1884 verum

293 1932 498 2003 etiamnum
517 1931 703 2002 corticalis
723 1931 902 2002 duntaxat
920 1930 1135 2018 substantiae
1158 1934 1304 2028 portio,

293 2050 393 2120 utin
415 2049 480 2119 illo
499 2047 600 2145 apud
620 2048 833 2118 Platnerum
854 2047 1031 2120 cerebelli
1047 2049 1230 2137 vulnere,
1253 2049 1305 2120 de·

293 2182 409 2239 tracta
427 2181 533 2238 esset.
553 2167 624 2237 Sed
637 2181 676 2236 tu
694 2182 829 2264 praeter
846 2167 943 2254 illas,
961 2169 1106 2264 poteris
1121 2168 1303 2264 quasdam

292 2285 383 2357 alias
408 2310 496 2356 sane
517 2281 693 2354 mirificas
721 2283 845 2382 legere
864 2283 966 2382 apud
985 2286 1218 2356 Marcianum
1238 2285 1303 2383 (4),

292 2428 337 2474 ex
370 2427 447 2501 quo
476 2426 605 2489 nemo,
633 2401 737 2500 quod
763 2403 1028 2487 meminerim,
1060 2402 1189 2474 adhuc
1216 2429 1302 2502 pro-

291 2521 421 2607 duxit,
437 2519 600 2616 aliasque
611 2522 699 2590 item
709 2520 811 2616 apud
824 2519 1040 2618 Wepferum
1051 2518 1132 2617 (5),
1152 2537 1191 2594 et
1201 2522 1304 2593 Saltu

294 2661 479 2708 mannum
499 2636 577 2732 (6),
596 2652 638 2707 ut
652 2637 740 2708 alias
753 2637 869 2708 modo
888 2653 1119 2734 praeteream.
1135 2642 1303 2730 Quorum

293 2754 356 2826 hic
370 2768 495 2826 tamen
516 2779 593 2824 non
607 2778 713 2826 secus
734 2779 777 2826 ac
794 2753 982 2838 Bohnius‚
1000 2769 1087 2851 post
1102 2771 1163 2826 tot
1178 2782 1301 2828 recen

294 2873 380 2944 sitas
412 2871 622 2968 ingentium
656 2871 803 2942 cerebri
833 2871 1033 2942 vulnerum
1069 2875 1301 2957 sanationes,

292 2987 467 3062 cerebelli
488 2989 644 3059 vul-nera
657 2987 793 3058 diserte
814 2987 1090 3085 excipitl7),ut
1107 3006 1208 3086 pote
1222 3014 1301 3088 quac

225 3194 228 3199 .
295 3132 457 3206 semper,
469 3121 506 3176 et
518 3104 689 3178 absolute
685 3108 844 3196 funesta
860 3131 951 3193 esse,
966 3112 1207 3204 experientia
1216 3133 1305 3179 com·

398 3391 432 3442 L.
445 3407 480 3462 9,
497 3389 590 3462 Epist.
608 3408 640 3460 a,
659 3407 725 3463 quae
735 3374 796 3446 esic
810 3391 931 3448 deberet
946 3391 973 3448 3.

402 3488 446 3542 De
461 3507 505 3543 us.
522 3500 599 3562 part.
613 3491 633 3544 l.
650 3489 682 3559 8,
695 3510 720 3545 c.
737 3509 783 3545 ιο.

399 3587 448 3642 Ad
463 3591 478 3656 S
496 3587 530 3657 8,
545 3589 609 3643 obs.
628 3587 644 3643 5
659 3586 748 3660 hujus
762 3598 833 3643 sect.

400 3688 512 3742 Annot.
534 3689 572 3743 ad
582 3688 725 3761 Hippocr.
736 3687 814 3762 epid.
826 3687 847 3742 l.
863 3707 891 3758 7,
906 3705 930 3743 s.
946 3706 973 3757 1,
987 3705 1066 3744 vers.
1080 3687 1304 3767 377‚pr0pelin·

402 3790 506 3844 Exere.
520 3787 557 3844 de
572 3791 639 3844 loco
652 3787 703 3844 aff.
717 3788 866 3864 in‘apopl.

405 3889 531 3945 Dissert.
544 3890 581 3946 de
596 3889 671 3945 mira
683 3905 764 3944 eran.
779 3889 866 3946 fruct.
885 3891 900 3958 5
917 3907 952 3945 ιο
965 3898 994 3944 et
1006 3907 1072 3964 seq.

340 3983 368 4062 (7
405 3992 420 4057 S
446 4007 492 4044 12·
