2812 4656
288 422 361 504 aad
454 439 501 486 rr
527 437 673 488 srnmos
697 439 742 486 rr
768 437 893 488 canus
920 439 1132 494 uonnoaun
1172 473 1173 476 ,
1205 467 1228 478 .-

283 551 431 626 brachii
445 567 654 640 tumorem,
684 553 736 625 sic
763 551 964 652 peculiaris
995 579 1151 656 quoque
1183 555 1301 653 hujus

282 671 444 743 tumoris
460 693 570 743 causa
587 667 677 759 fuit,
696 669 877 742 nimirum
894 654 1057 746 aiillaris
1074 697 1178 746 venae
1195 697 1300 746 com·

282 780 612 888 pressioa'cancro
627 787 716 859 illuc
734 811 774 860 se
792 787 999 864 attollente.

333 906 368 978 6.
390 902 462 976 Sed
488 905 566 1000 jam
588 903 636 976 ad
662 903 756 976 alios
785 903 940 977 alterius
964 907 1114 1004 generis
1143 921 1302 980 armum

204 1063 207 1070 ·
284 1023 547 1120 superiorum,
564 1035 629 1094 aut
641 1018 866 1094 inferiorum
879 1037 1070 1112 tumores,
1091 1023 1303 1097 aValsalva

284 1139 524 1227 observatos,
551 1140 770 1228 veniamus,
800 1139 911 1212 initio
939 1137 989 1212 ab
1018 1139 1063 1213 iis
1090 1139 1209 1212 ducto
1237 1142 1304 1240 qui

284 1256 382 1328 male
414 1269 574 1354 peractae
607 1277 790 1328 venarum
825 1257 997 1330 sectioni
1022 1271 1302 1332 successerunt.

282 1375 392 1446 Mitto
417 1387 542 1445 autem
573 1397 688 1471 quem
711 1374 752 1444 in
773 1371 895 1446 nobili
922 1388 1095 1446 matrona
1117 1355 1215 1448 vidit
1248 1375 1301 1450 ob

283 1505 554 1590 compunctum
577 1513 664 1562 cum
686 1513 783 1562 vena
801 1490 1013 1583 tendinem,
1032 1505 1302 1584 autbertum,

282 1631 398 1680 manu
429 1631 515 1680 cum
544 1607 788 1682 acerbissimo
820 1607 954 1682 dolore
992 1609 1198 1709 plurimum
1237 1623 1302 1684 tn·

281 1741 428 1814 mente,
450 1741 487 1798 et
511 1749 557 1798 eo
584 1724 713 1798 sedato
734 1725 892 1816 dolore,
915 1726 1061 1802 assidue
1081 1741 1299 1802 tremente:

283 1846 349 1944 qui
362 1860 506 1917 tremor
520 1869 599 1916 non
614 1843 730 1917 modo
749 1859 998 1945 posteaquam¹
1010 1825 1198 1918 detumuit
1217 1873 1302 1920 ma·

281 1987 377 2052 nus,
403 1961 469 2034 sed
487 1960 535 2037 ad
552 1961 652 2034 diem
669 1985 791 2060 usque
815 1985 894 2060 quo
915 1961 992 2035 hoc
1017 1962 1223 2054 scribebat,
1247 1968 1303 2038 vi-

282 2083 418 2155 delicet
443 2082 613 2179 quinque
639 2081 743 2179 ipsos
762 2103 903 2170 annos,
929 2079 1038 2153 nulio
1065 2079 1301 2181 proficiente

279 2197 467 2285 remedio,
485 2195 688 2297 perstabat.
706 2201 912 2270 Tumorem
932 2199 1074 2295 pariter
1090 2199 1198 2270 mitto
1227 2204 1301 2300 qui

278 2316 409 2414 juveni
423 2314 684 2403 accidit,vena
697 2315 737 2385 in
750 2313 867 2387 cubiti
886 2313 988 2388 flexu
997 2314 1045 2391 ab
1063 2317 1192 2414 inepto
1206 2317 1299 2390 chi-

280 2459 397 2533 rurgo
413 2430 611 2521 transfixa,
632 2430 831 2530 effusoque
851 2433 1060 2506 introrsum
1084 2436 1297 2532 sanguine,

278 2551 383 2624 unde
400 2574 560 2648 magnus
581 2565 732 2649 postea,
749 2550 965 2650 longeque,
984 2567 1021 2624 et
1042 2547 1206 2625 difficilis
1226 2579 1297 2628 cu·
1404 2585 1405 2610 ³

279 2669 436 2741 rationis
466 2666 672 2740 abscessus.
691 2668 865 2740 Tumoris
891 2661 1017 2766 potiu's
1042 2693 1064 2740 a
1091 2667 1296 2744 vulnerata

279 2810 326 2860 eo
352 2786 391 2855 in
416 2783 515 2856 flexu
535 2787 691 2874 arteria,
722 2785 901 2858 valsalvae
930 2810 1046 2858 manu
1076 2791 1296 2884 persanati,

278 2903 474 2976 historiam
496 2901 566 2974 tibi
584 2927 630 2974 eo
652 2902 895 3002 diligentibus
921 2901 1152 2994 describam,
1180 2907 1295 3004 quod

277 3045 338 3094 res
357 3021 509 3117 majoris
526 3021 712 3094 momenti
735 3035 810 3112 est,
843 3045 914 3092 nec
937 3021 1094 3118 indigna
1112 3047 1197 3120 qnae
1212 3050 1233 3097 a
1251 3039 1291 3098 te

277 3127 363 3212 eum
378 3138 707 3212 observationibus
719 3135 954 3224 conferatur,
967 3138 1109 3210 visaibi
1119 3139 1167 3212 ab
1184 3142 1292 3232 aliis,

277 3275 341 3331 aut
355 3256 470 3345 facta,
488 3272 554 3328 aut
573 3257 749 3329 adnotata
777 3255 1102 3356 proponentibus,
1126 3275 1168 3329 ut
1195 3277 1295 3358 puta

276 3376 324 3448 ab
347 3371 492 3446 Rochio
516 3375 627 3468 (1),a
654 3376 775 3446 Petito
802 3373 981 3471 chirurgo
997 3373 1074 3471 (a),
1105 3400 1127 3446 a
1151 3377 1291 3448 Teich-

274 3517 427 3588 meyero
445 3490 515 3586 (3),
526 3507 563 3564 et
579 3489 627 3564 ab
644 3494 688 3564 iis
700 3490 906 3591 gquosdum
913 3488 980 3563 bas
1000 3490 1142 3563 litteras
1152 3517 1288 3567 reeen-

314 3793 343 3871 (1
348 3833 359 3871 ,
381 3795 546 3852 Commerc.
560 3795 665 3851 Litter.
678 3793 822 3864 n1734,
835 3789 926 3849 hebd.
943 3792 995 3865 36,
1008 3813 1040 3848 n.
1053 3811 1081 3849 a.

314 3893 358 3971 (a)
379 3893 469 3951 Mem.
493 3895 530 3952 de
544 3894 659 3952 l’Aead.
672 3911 737 3969 roy.
755 3893 806 3949 des
822 3891 973 3964 Scienees,
991 3911 1042 3950 an.
1062 3891 1138 3965 1735
1152 3903 1181 3951 et
1194 3891 1289 3964 1736.

313 3993 358 4071 (3)
378 3993 501 4052 Dissert.
517 3994 554 4052 de
566 3993 716 4071 stupendo
731 4009 898 4071 aneurysm.
914 4001 944 4052 et
956 4001 1020 4051 caet.
