2812 4656
533 333 539 358 t

128 433 130 442 ι
170 412 246 457 Lm.
264 410 322 456 iv.
335 411 382 458 nr
396 409 532 458 nonius
545 405 745 472 unisono„
761 401 830 460 etc.
846 407 958 460 nerse.
980 416 1011 460 n.
1042 395 1110 490 247

93 545 214 622 poma
232 519 507 622 appellandum
521 546 600 598 esse
622 525 768 596 censuit
789 524 976 620 ejusmodi
993 525 1129 598 tomo·-¹

93 653 202 730 rein,
232 642 386 738 qualem
413 642 494 738 ipse
513 640 650 712 ad‘viri
669 641 861 738 scapulam
893 643 986 738 yidit
1010 645 1118 716 molli

95 745 359 858 pinguedine,
375 781 454 830 non
464 759 1047 857 sevooplenumAEedRuyscbius
1058 761 1118 860 (1)

96 902 185 949 oum
206 878 458 974 exstirpatum
475 875 753 973 ejusdemmodi
778 891 966 948 tumorem
986 880 1118 978 paucis

98 994 338 1068 describeret
376 1007 526 1091 postea,
560 1015 694 1064 vocare
730 1009 911 1066 steatomo
940 998 1115 1094 perrexit.

99 1111 288 1184 Palfinius
302 1126 428 1184 autem
445 1110 499 1208 (n)
510 1110 607 1182 duos
617 1126 786 1184 tumores
796 1131 1012 1186 memorans
1022 1113 1121 1212 ejus-

101 1229 188 1302 dem
203 1231 376 1329 generis,
394 1231 460 1326 qui
476 1228 523 1300 ad
535 1229 700 1300 immane
715 1227 868 1326 pondus
880 1231 920 1300 in
930 1229 1045 1302 dorso
1058 1252 1119 1302 ex·

99 1363 302 1422 creverant
340 1344 566 1418 feminarum
604 1335 784 1436 duarum,
810 1342 957 1421 'neutro
998 1350 1119 1422 utitur

98 1467 313 1554 vocabule,
348 1479 385 1536 et
417 1464 523 1564 quod
549 1465 604 1538 illi
629 1485 761 1539 omnes
780 1489 879 1563 quos
909 1467 1121 1538 nominavi·
1200 1497 1203 1502 ¹

102 1608 203 1669 mus,
220 1584 288 1654 alii
299 1581 437 1656 diserte
448 1581 640 1672 feceruut,
660 1582 722 1654 alii
736 1583 788 1655 sic
808 1598 851 1655 ut
869 1584 998 1656 saltem
1016 1598 1118 1656 recte

104 1703 304 1801 perpensis
329 1699 528 1788 omnibus,
566 1700 667 1772 idem
694 1702 882 1798 conjicere
915 1703 1118 1800 possimus,

106 1843 152 1891 an
170 1819 362 1918 peculiari
379 1819 472 1916 cysti
489 1817 530 1890 hi
551 1842 706 1916 quoque
732 1843 861 1890 earum
891 1817 1118 1894 feminarum

107 1952 279 2010 tumores
296 1935 730 2035 comprehenderentur,
746 1938 827 2034 ipse
840 1937 1008 2010 indicare
1029 1955 1118 2037 prse-

108 2057 293 2128 termittit.
318 2057 396 2126 Nec
420 2077 510 2126 vero
540 2055 603 2128 ille
634 2077 706 2126 nec
727 2056 849 2126 ceteri
874 2057 962 2126 sotis
988 2069 1119 2153 aperte

109 2171 340 2270 significant,
359 2195 442 2268 quae
471 2171 663 2270 pinguedo
684 2173 726 2244 in
754 2173 798 2244 iis
828 2171 1043 2245 tumoribus
1061 2193 1141 2260 1¹07,

108 2305 210 2386 perta
229 2305 308 2379 est,
328 2313 377 2360 an
393 2313 437 2360 ea
455 2303 552 2366 esset
571 2289 718 2362 cellulis
741 2288 1016 2388 comprehenso
1028 2290 1120 2388 'plu-

109 2407 228 2500 rimis‚
246 2409 345 2480 utin
362 2407 583 2480 membrana
605 2407 776 2506 adiposi,
792 2430 858 2498 an,
877 2405 991 2482 nullis
1009 2410 1120 2482 inter·

106 2523 211 2619 jectis
227 2525 517 2616 membranulis,
533 2542 655 2598 totum
668 2525 763 2610 illud
780 2550 913 2598 corum
927 2527 1118 2626 impleret;

111 2658 150 2716 ut
175 2648 242 2742 qui
266 2644 419 2744 legunt,
452 2646 597 2742 possint
620 2645 804 2742 suspicari
823 2641 942 2738 luisse
969 2669 1072 2734 eam,
1090 2645 1121 2720 si

111 2783 186 2832 non
205 2763 331 2834 oleum
349 2760 592 2863 liquefactum
601 2761 962 2861 qualiBoerhaavins
973 2763 1027 2860 (3)
1042 2762 1122 2861 ple-
1177 2847 1180 2854 ,

113 2901 202 2950 nom
229 2896 419 2952 tumorem
445 2878 628 2952 librarum
659 2895 769 2968 octo,
802 2907 827 2953 e
856 2881 970 2954 dorso
1002 2880 1124 2978 bajuli
1237 2878 1239 2882 ’

116 3013 344 3098 exemptum,
367 3021 407 3070 se
442 3021 530 3070 cum
560 2996 755 3097 Ruyscbio'
782 2993 917 3074 vidisse
944 3012 1121 3093 testetur,

117 3127 152 3183 at
160 3116 289 3192 saltem
301 3118 555 3188 substantiam
569 3141 650 3213 qoae
661 3115 760 3190 nihil
772 3131 883 3205 esset,
900 3122 972 3188 nisi
982 3115 1123 3204 oleum,
1231 3211 1234 3216 Ι

118 3244 158 3304 ut
184 3234 300 3329 paulo
330 3234 503 3332 superius
535 3232 700 3315 dixerat,
738 3247 929 3305 tumorem
964 3233 1124 3305 alterum

120 3369 349 3442 memorans,
376 3375 424 3424 au
448 3349 647 3438 eumdem,
667 3352 811 3450 quippe
830 3349 989 3424 totidem
1014 3348 1125 3422 libra·

122 3487 224 3558 rum,
243 3485 280 3542 et
296 3495 317 3542 a
331 3468 520 3565 lluyschio
538 3471 668 3542 visum.
679 3471 775 3538 ‘Nou
793 3469 926 3568 igitur,
948 3483 991 3540 ut
1004 3464 1125 3566 ¹aliqui

161 3761 203 3843 (ι)
223 3767 317 3844 Epist.
333 3769 371 3827 ad
387 3733 494 3826 Boerh.

165 3861 205 3942 (2)
227 3872 315 3926 Anat.
334 3871 375 3926 du
388 3890 476 3946 corps
493 3873 578 3926 hum.
596 3881 634 3926 tr.
648 3889 680 3938 2,
692 3866 745 3927 ch.
761 3889 788 3927 n.

164 3962 207 4042 (3)
225 3972 354 4031 Prelect,
365 3973 403 4032 ad
415 3977 430 4044 S
443 3972 494 4032 cit.
506 3989 597 4052 supra
606 3971 685 4032 adu.
702 3991 748 4043 17.
