2816 5282
296 383 366 477 584
454 411 507 480 pa
532 409 679 458 scurrus
704 407 747 456 mr
772 407 897 458 cansrs
921 409 1136 458 uonaonuu

293 528 396 626 poris
416 527 540 624 positu
559 523 743 596 sauciatus
758 538 829 608 est,
841 537 884 594 ut
895 522 942 594 ad
953 538 1080 594 uatem
1094 522 1287 610 sinistram,
1350 493 1366 512 ’Ὺ

294 667 372 742 qua'
381 640 589 742 fragmenta
603 642 666 714 illa
681 642 847 739 ingressa
864 657 989 730 erant,
1008 642 1083 712 tria
1102 655 1223 712 essent
1240 637 1288 710 lo-

293 763 457 850 ramma,
491 759 538 830 ad
569 757 778 830 lumbarem
816 773 943 830 autem
976 760 1198 856 regionem,
1227 783 1289 854 qua

292 903 413 978 prope
426 875 594 950 infimam
610 892 749 949 costam
765 901 911 974 egressa
930 875 1101 965 fuerant,
1117 876 1195 947 duo
1208 873 1290 950 fora·

293 998 395 1067 mina
413 996 732 1093 conspicerentur.
755 995 862 1066 Circa
881 995 1057 1092 quintum
1076 995 1181 1064 diem
1197 994 1291 1066 urim

294 1114 562 1213 supprimitur:
584 1137 654 1184 nec
675 1111 789 1184 semel
814 1138 910 1211 aeger
934 1113 1111 1209 queritur
1132 1111 1178 1182 de
1204 1135 1290 1207 spas·
1365 1121 1366 1136 ¹

224 1233 228 1241 '
294 1229 446 1302 modico
466 1230 515 1302 ad
531 1253 749 1328 supremum
770 1232 979 1328 marginem
1000 1231 1096 1302 ossis
1117 1229 1222 1300 ilium
1235 1226 1290 1298 do·
1365 1263 1366 1266 ¹

262 1433 264 1438 ,
294 1349 377 1421 lore
391 1348 486 1419 adeo
506 1363 548 1420 ut
570 1372 615 1417 ex
631 1349 837 1446 improviso
858 1362 979 1418 totum
1001 1372 1149 1446 corpus
1171 1370 1291 1418 concu-

295 1469 410 1538 tiatur
429 1493 436 1535 :
457 1491 532 1564 prae
552 1463 683 1537 dolore
704 1480 901 1538 externum
928 1465 1099 1564 chirurgi
1122 1463 1291 1536 medentis

295 1597 438 1654 tactum
455 1579 551 1654 ferre
570 1583 630 1652 vix
654 1597 788 1679 potest.
823 1588 990 1680 Augetur
1007 1582 1124 1656 dolor
1153 1583 1192 1652 in
1210 1581 1289 1668 dies,

294 1715 336 1772 ut
349 1699 630 1788 vehementior,
650 1715 686 1772 et
705 1701 885 1772 continua
897 1699 961 1772 fiat
975 1700 1290 1797 convulsio,prae-
1365 1773 1366 1788 ¹

298 1819 428 1892 sertim
449 1819 547 1890 eirca
568 1832 698 1914 guttur
716 1833 753 1890 et
778 1842 844 1908 0s;
867 1843 974 1890 mens
988 1833 1119 1890 tamen
1138 1833 1194 1890 est
1207 1841 1287 1889 sana.
1365 1807 1366 1824 ¹

300 1935 466 2008 Tandem
483 1934 544 2006 die
563 1934 643 2007 obit
655 1935 804 2007 decimo
823 1938 945 2008 tertio.
968 1937 1142 2008 Vulnere
1154 1933 1289 2034 perdis·

300 2055 503 2126 sectionem
524 2053 750 2151 perlustrato
774 2053 924 2126 nullum
961 2053 1189 2153 plumbeum
1209 2050 1287 2148 frag·
1328 2037 1329 2040 ¹
1365 2035 1366 2056 ³

297 2188 470 2242 mentum
491 2169 538 2243 ad
555 2171 734 2242 interiora
749 2173 964 2269 pervenisse
986 2169 1029 2244 fit
1049 2169 1286 2244 manifestum.

240 2321 244 2328 ·
297 2277 749 2376 Unumtamen‚diverso
762 2289 809 2362 ab
831 2275 1285 2380 aliisitinere,c0mminu-

295 2421 377 2478 tum
398 2409 515 2480 iverat
525 2432 743 2506 supremum
755 2409 963 2506 marginem
980 2409 1076 2481 ossis
1085 2409 1211 2496 ilium,
1225 2429 1284 2503 qua

297 2526 556 2598 musculorum
575 2526 748 2597 tendines
767 2527 904 2598 annexi
932 2541 1029 2598 sunt.
1050 2531 1234 2600 Caeterum
1255 2523 1284 2590 in

297 2658 428 2712 ventre
458 2642 557 2712 laesio
579 2643 704 2732 nulla,
732 2645 763 2715 si
779 2644 980 2741 quamdam
1011 2647 1177 2742 excipias
1197 2640 1285 2739 quasi

296 2758 571 2856 sugillationem
589 2761 918 2850 intestinorum‚et
930 2760 1281 2861 omentipraesertim.

295 2875 502 2950 Cerebrum
533 2902 623 2948 vero
644 2902 776 2952 sanum
798 2880 956 2950 omnino
973 2878 1066 2950 fuit:
1101 2895 1145 2952 ut
1162 2902 1208 2948 nc
1224 2873 1282 2948 seri

294 2995 446 3094 quidem
469 2991 592 3066 ullum'
606 2997 804 3092 vestigium
822 2996 1040 3069 ostenderit.

342 3111 399 3186 23.
425 3114 492 3184 Hic
502 3114 684 3220 ,opinor,
710 3115 768 3184 vir
791 3115 852 3186 ille
879 3115 972 3191 alter
1001 3112 1073 3186 fuit
1100 3137 1212 3213 quem
1229 3134 1278 3182 su

291 3255 410 3328 pra
374 3227 431 3327 (
449 3233 570 3302 visum
588 3253 667 3302 esse
685 3255 705 3300 a
723 3231 894 3304 Valsalva
911 3232 1112 3321 adnotavi,
1132 3258 1175 3303 ex
1196 3249 1279 3300 com-

288 3350 501 3422 minutione
518 3364 711 3422 mortuum
739 3351 918 3450 marginis
944 3351 1037 3424 ossis
1060 3350 1185 3435 ilium,
1204 3366 1275 3416 cum

215 3528 218 3536 .
287 3492 333 3540 ex
351 3490 393 3538 ea
410 3464 653 3598 absumptum
670 3465 830 3539 alterum
845 3469 1152 3584 proposuissem
1139 3464 1275 3538 vulnere

287 3581 454 3679 ejusdem
473 3584 637 3682 generis,
665 3581 729 3656 sed
756 3580 924 3656 frustulis
939 3553 1215 3683 plumbeisnon
1232 3575 1274 3648 sic
1315 3633 1317 3640 Α

287 3715 430 3798 atergo
455 3700 636 3795 jaculatis.
666 3703 825 3800 Propius
851 3701 898 3773 ad
931 3725 1014 3772 earn
1040 3725 1153 3798 quam
1175 3690 1272 3767 modu

298 3849 1272 3878 *W

323 3937 365 4022 (a)
387 3943 425 4002 N.
448 3938 476 4001 5.
