<?xml version="1.0" encoding="UTF-8"?>
<!DOCTYPE html PUBLIC "-//W3C//DTD XHTML 1.0 Transitional//EN"
    "http://www.w3.org/TR/xhtml1/DTD/xhtml1-transitional.dtd">
<html xmlns="http://www.w3.org/1999/xhtml" xml:lang="en" lang="en">
 <head>
  <title>
</title>
<meta http-equiv="Content-Type" content="text/html;charset=utf-8" />
  <meta name='ocr-system' content='tesseract 3.04.00' />
  <meta name='ocr-capabilities' content='ocr_page ocr_carea ocr_par ocr_line ocrx_word'/>
</head>
<body>
  <div class='ocr_page' id='page_1' title='image "./desedibusetcaus03adelgoog_0298.png"; bbox 0 0 2812 4656; ppageno 0'>
   <div class='ocr_carea' id='block_1_1' title="bbox 290 469 1136 548">
    <p class='ocr_par' dir='ltr' id='par_1_1' title="bbox 290 469 1136 548">
     <span class='ocr_line' id='line_1_1' title="bbox 290 469 1136 548; baseline -0.002 -26"><span class='ocrx_word' id='word_1_1' title='bbox 290 473 360 548; x_wconf 71' lang='lat'><strong>292</strong></span> <span class='ocrx_word' id='word_1_2' title='bbox 460 469 508 520; x_wconf 73' lang='grc' dir='ltr'><strong>Μ</strong></span> <span class='ocrx_word' id='word_1_3' title='bbox 534 471 680 522; x_wconf 80' lang='lat' dir='ltr'><strong>suntnus</strong></span> <span class='ocrx_word' id='word_1_4' title='bbox 705 475 750 520; x_wconf 76' lang='lat' dir='ltr'><strong>ET</strong></span> <span class='ocrx_word' id='word_1_5' title='bbox 776 472 900 522; x_wconf 76' lang='lat' dir='ltr'><strong>causts</strong></span> <span class='ocrx_word' id='word_1_6' title='bbox 925 472 1136 522; x_wconf 70' lang='lat' dir='ltr'>MORBOBUM</span> 
     </span>
    </p>
   </div>
   <div class='ocr_carea' id='block_1_2' title="bbox 281 583 1303 1272">
    <p class='ocr_par' dir='ltr' id='par_1_2' title="bbox 281 583 1303 1272">
     <span class='ocr_line' id='line_1_2' title="bbox 287 583 1303 684; baseline -0.002 -26"><span class='ocrx_word' id='word_1_7' title='bbox 287 586 509 675; x_wconf 87' lang='lat' dir='ltr'><strong>demortuo,</strong></span> <span class='ocrx_word' id='word_1_8' title='bbox 528 602 570 658; x_wconf 93' lang='lat' dir='ltr'><strong>ut</strong></span> <span class='ocrx_word' id='word_1_9' title='bbox 599 602 658 658; x_wconf 89' lang='lat' dir='ltr'><strong>ter</strong></span> <span class='ocrx_word' id='word_1_10' title='bbox 684 602 864 684; x_wconf 85' lang='lat' dir='ltr'><strong>quaterve</strong></span> <span class='ocrx_word' id='word_1_11' title='bbox 890 586 1104 684; x_wconf 85' lang='lat' dir='ltr'><strong>Ruyschius</strong></span> <span class='ocrx_word' id='word_1_12' title='bbox 1130 583 1206 682; x_wconf 83' lang='lat'><strong>(1),</strong></span> <span class='ocrx_word' id='word_1_13' title='bbox 1225 600 1303 656; x_wconf 86' lang='lat' dir='ltr'><strong>tarn</strong></span> 
     </span>
     <span class='ocr_line' id='line_1_3' title="bbox 287 703 1303 804; baseline -0.004 -28"><span class='ocrx_word' id='word_1_14' title='bbox 287 704 420 776; x_wconf 83' lang='lat' dir='ltr'><strong>exilem</strong></span> <span class='ocrx_word' id='word_1_15' title='bbox 440 713 615 776; x_wconf 86' lang='lat' dir='ltr'><strong>arteriam</strong></span> <span class='ocrx_word' id='word_1_16' title='bbox 636 703 684 776; x_wconf 93' lang='lat' dir='ltr'><strong>ad</strong></span> <span class='ocrx_word' id='word_1_17' title='bbox 703 705 765 776; x_wconf 89' lang='lat' dir='ltr'><strong>ovi</strong></span> <span class='ocrx_word' id='word_1_18' title='bbox 782 704 977 802; x_wconf 84' lang='lat' dir='ltr'><strong>gallinacei</strong></span> <span class='ocrx_word' id='word_1_19' title='bbox 997 703 1303 804; x_wconf 81' lang='lat' dir='ltr'><strong>magnitudinem</strong></span> 
     </span>
     <span class='ocr_line' id='line_1_4' title="bbox 284 819 1303 921; baseline -0.004 -26"><span class='ocrx_word' id='word_1_20' title='bbox 284 845 488 921; x_wconf 84' lang='lat' dir='ltr'><strong>expansam</strong></span> <span class='ocrx_word' id='word_1_21' title='bbox 512 819 775 912; x_wconf 66' lang='lat' dir='ltr'><strong>offendissem</strong></span> <span class='ocrx_word' id='word_1_22' title='bbox 802 825 947 912; x_wconf 89' lang='lat' dir='ltr'><strong>nescio,</strong></span> <span class='ocrx_word' id='word_1_23' title='bbox 979 847 1027 894; x_wconf 87' lang='lat' dir='ltr'><strong>an</strong></span> <span class='ocrx_word' id='word_1_24' title='bbox 1056 823 1156 894; x_wconf 89' lang='lat' dir='ltr'><strong>inter</strong></span> <span class='ocrx_word' id='word_1_25' title='bbox 1178 845 1303 894; x_wconf 79' lang='lat' dir='ltr'><strong>eavea</strong></span> 
     </span>
     <span class='ocr_line' id='line_1_5' title="bbox 282 937 1302 1037; baseline -0.004 -27"><span class='ocrx_word' id='word_1_26' title='bbox 282 937 448 1012; x_wconf 85' lang='lat' dir='ltr'><strong>thoracis</strong></span> <span class='ocrx_word' id='word_1_27' title='bbox 473 941 622 1037; x_wconf 87' lang='lat' dir='ltr'><strong>potius,</strong></span> <span class='ocrx_word' id='word_1_28' title='bbox 639 964 754 1036; x_wconf 90' lang='lat' dir='ltr'><strong>quam</strong></span> <span class='ocrx_word' id='word_1_29' title='bbox 778 941 877 1012; x_wconf 89' lang='lat' dir='ltr'><strong>inter</strong></span> <span class='ocrx_word' id='word_1_30' title='bbox 900 940 971 1012; x_wconf 93' lang='lat' dir='ltr'><strong>hos</strong></span> <span class='ocrx_word' id='word_1_31' title='bbox 995 940 1042 1012; x_wconf 81' lang='lat' dir='ltr'><strong>de</strong></span> <span class='ocrx_word' id='word_1_32' title='bbox 1072 937 1213 1036; x_wconf 82' lang='lat' dir='ltr'><strong>quibus</strong></span> <span class='ocrx_word' id='word_1_33' title='bbox 1238 937 1302 1008; x_wconf 92' lang='lat' dir='ltr'><strong>hie</strong></span> 
     </span>
     <span class='ocr_line' id='line_1_6' title="bbox 282 1053 1300 1154; baseline -0.002 -26"><span class='ocrx_word' id='word_1_34' title='bbox 282 1055 503 1153; x_wconf 88' lang='lat' dir='ltr'><strong>loquimur,</strong></span> <span class='ocrx_word' id='word_1_35' title='bbox 519 1072 689 1128; x_wconf 89' lang='lat' dir='ltr'><strong>tumores</strong></span> <span class='ocrx_word' id='word_1_36' title='bbox 712 1058 922 1153; x_wconf 89' lang='lat' dir='ltr'><strong>posuissem</strong></span> <span class='ocrx_word' id='word_1_37' title='bbox 942 1083 949 1128; x_wconf 90' lang='lat'>:</span> <span class='ocrx_word' id='word_1_38' title='bbox 981 1079 1201 1154; x_wconf 85' lang='lat' dir='ltr'><strong>quanquam</strong></span> <span class='ocrx_word' id='word_1_39' title='bbox 1221 1053 1300 1126; x_wconf 90' lang='lat' dir='ltr'><strong>hoc</strong></span> 
     </span>
     <span class='ocr_line' id='line_1_7' title="bbox 281 1171 1300 1272; baseline -0.001 -27"><span class='ocrx_word' id='word_1_40' title='bbox 281 1171 447 1246; x_wconf 84' lang='lat' dir='ltr'><strong>licuisset</strong></span> <span class='ocrx_word' id='word_1_41' title='bbox 475 1174 613 1272; x_wconf 86' lang='lat' dir='ltr'><strong>magis,</strong></span> <span class='ocrx_word' id='word_1_42' title='bbox 633 1198 767 1270; x_wconf 88' lang='lat' dir='ltr'><strong>quam,</strong></span> <span class='ocrx_word' id='word_1_43' title='bbox 795 1190 838 1246; x_wconf 90' lang='lat' dir='ltr'><strong>ut</strong></span> <span class='ocrx_word' id='word_1_44' title='bbox 862 1177 900 1246; x_wconf 87' lang='lat' dir='ltr'><strong>in</strong></span> <span class='ocrx_word' id='word_1_45' title='bbox 925 1173 1199 1272; x_wconf 89' lang='lat' dir='ltr'><strong>Sepulchreto,</strong></span> <span class='ocrx_word' id='word_1_46' title='bbox 1220 1171 1300 1244; x_wconf 91' lang='lat' dir='ltr'><strong>huc</strong></span> 
     </span>
    </p>
   </div>
   <div class='ocr_carea' id='block_1_3' title="bbox 269 1289 1391 3155">
    <p class='ocr_par' dir='ltr' id='par_1_3' title="bbox 269 1289 1391 3155">
     <span class='ocr_line' id='line_1_8' title="bbox 277 1289 1302 1388; baseline -0.001 -25"><span class='ocrx_word' id='word_1_47' title='bbox 277 1289 422 1376; x_wconf 81' lang='lat' dir='ltr'><strong>referre</strong></span> <span class='ocrx_word' id='word_1_48' title='bbox 438 1294 609 1388; x_wconf 89' lang='lat' dir='ltr'><strong>ipsorum</strong></span> <span class='ocrx_word' id='word_1_49' title='bbox 620 1306 788 1364; x_wconf 86' lang='lat' dir='ltr'><strong>tumores</strong></span> <span class='ocrx_word' id='word_1_50' title='bbox 805 1294 1012 1382; x_wconf 87' lang='lat' dir='ltr'><strong>viscerum,</strong></span> <span class='ocrx_word' id='word_1_51' title='bbox 1031 1289 1224 1380; x_wconf 79' lang='lat' dir='ltr'><strong>abdomen</strong></span> <span class='ocrx_word' id='word_1_52' title='bbox 1244 1317 1302 1364; x_wconf 88' lang='lat' dir='ltr'><strong>ex·</strong></span> 
     </span>
     <span class='ocr_line' id='line_1_9' title="bbox 277 1408 1299 1507; baseline -0.001 -25"><span class='ocrx_word' id='word_1_53' title='bbox 277 1424 446 1482; x_wconf 88' lang='lat' dir='ltr'><strong>trorsum</strong></span> <span class='ocrx_word' id='word_1_54' title='bbox 460 1410 677 1506; x_wconf 82' lang='lat' dir='ltr'><strong>urgentium</strong></span> <span class='ocrx_word' id='word_1_55' title='bbox 693 1436 700 1479; x_wconf 92' lang='lat'><strong>:</strong></span> <span class='ocrx_word' id='word_1_56' title='bbox 722 1409 861 1506; x_wconf 89' lang='lat' dir='ltr'><strong>quibus</strong></span> <span class='ocrx_word' id='word_1_57' title='bbox 873 1408 921 1481; x_wconf 92' lang='lat' dir='ltr'><strong>de</strong></span> <span class='ocrx_word' id='word_1_58' title='bbox 936 1408 1152 1482; x_wconf 90' lang='lat' dir='ltr'><strong>tumoribus</strong></span> <span class='ocrx_word' id='word_1_59' title='bbox 1165 1408 1224 1507; x_wconf 78' lang='lat' dir='ltr'><strong>(a)</strong></span> <span class='ocrx_word' id='word_1_60' title='bbox 1239 1426 1299 1500; x_wconf 90' lang='lat' dir='ltr'><strong>,et</strong></span> 
     </span>
     <span class='ocr_line' id='line_1_10' title="bbox 280 1525 1296 1624; baseline -0.002 -22"><span class='ocrx_word' id='word_1_61' title='bbox 280 1528 328 1602; x_wconf 90' lang='lat' dir='ltr'><strong>de</strong></span> <span class='ocrx_word' id='word_1_62' title='bbox 340 1527 554 1598; x_wconf 87' lang='lat' dir='ltr'><strong>abdominis</strong></span> <span class='ocrx_word' id='word_1_63' title='bbox 575 1528 691 1624; x_wconf 91' lang='lat' dir='ltr'><strong>ipsius</strong></span> <span class='ocrx_word' id='word_1_64' title='bbox 713 1525 857 1598; x_wconf 90' lang='lat' dir='ltr'><strong>herniis</strong></span> <span class='ocrx_word' id='word_1_65' title='bbox 877 1526 949 1623; x_wconf 80' lang='lat'><strong>(3),</strong></span> <span class='ocrx_word' id='word_1_66' title='bbox 967 1543 1005 1599; x_wconf 88' lang='lat' dir='ltr'><strong>et</strong></span> <span class='ocrx_word' id='word_1_67' title='bbox 1030 1526 1077 1598; x_wconf 86' lang='lat' dir='ltr'><strong>de</strong></span> <span class='ocrx_word' id='word_1_68' title='bbox 1102 1525 1296 1624; x_wconf 83' lang='lat' dir='ltr'><strong>hydrora·</strong></span> 
     </span>
     <span class='ocr_line' id='line_1_11' title="bbox 280 1642 1292 1742; baseline -0.004 -24"><span class='ocrx_word' id='word_1_69' title='bbox 280 1644 421 1720; x_wconf 87' lang='lat' dir='ltr'><strong>chitide</strong></span> <span class='ocrx_word' id='word_1_70' title='bbox 435 1667 590 1742; x_wconf 89' lang='lat' dir='ltr'><strong>quoque</strong></span> <span class='ocrx_word' id='word_1_71' title='bbox 608 1643 663 1738; x_wconf 69' lang='grc' dir='ltr'><strong>(Δ)</strong></span> <span class='ocrx_word' id='word_1_72' title='bbox 676 1645 757 1716; x_wconf 88' lang='lat' dir='ltr'><strong>aliis</strong></span> <span class='ocrx_word' id='word_1_73' title='bbox 765 1642 812 1715; x_wconf 90' lang='lat' dir='ltr'><strong>ad</strong></span> <span class='ocrx_word' id='word_1_74' title='bbox 826 1659 863 1716; x_wconf 92' lang='lat' dir='ltr'><strong>te</strong></span> <span class='ocrx_word' id='word_1_75' title='bbox 877 1643 1010 1716; x_wconf 89' lang='lat' dir='ltr'><strong>litteris</strong></span> <span class='ocrx_word' id='word_1_76' title='bbox 1028 1645 1292 1742; x_wconf 86' lang='lat' dir='ltr'><strong>scriptumest.</strong></span> 
     </span>
     <span class='ocr_line' id='line_1_12' title="bbox 277 1759 1296 1859; baseline 0 -23"><span class='ocrx_word' id='word_1_77' title='bbox 277 1767 374 1836; x_wconf 86' lang='lat' dir='ltr'><strong>Sunt</strong></span> <span class='ocrx_word' id='word_1_78' title='bbox 389 1777 516 1834; x_wconf 90' lang='lat' dir='ltr'><strong>tamen</strong></span> <span class='ocrx_word' id='word_1_79' title='bbox 529 1759 722 1832; x_wconf 90' lang='lat' dir='ltr'><strong>interdum</strong></span> <span class='ocrx_word' id='word_1_80' title='bbox 733 1761 887 1859; x_wconf 89' lang='lat' dir='ltr'><strong>quidam</strong></span> <span class='ocrx_word' id='word_1_81' title='bbox 901 1759 1115 1834; x_wconf 89' lang='lat' dir='ltr'><strong>abdominis</strong></span> <span class='ocrx_word' id='word_1_82' title='bbox 1121 1777 1296 1838; x_wconf 84' lang='lat' dir='ltr'><strong>tumores</strong></span> 
     </span>
     <span class='ocr_line' id='line_1_13' title="bbox 278 1877 1292 1979; baseline 0.002 -27"><span class='ocrx_word' id='word_1_83' title='bbox 278 1880 367 1979; x_wconf 92' lang='lat' dir='ltr'><strong>qui,</strong></span> <span class='ocrx_word' id='word_1_84' title='bbox 386 1903 474 1952; x_wconf 90' lang='lat' dir='ltr'><strong>cum</strong></span> <span class='ocrx_word' id='word_1_85' title='bbox 492 1903 622 1950; x_wconf 89' lang='lat' dir='ltr'><strong>revera</strong></span> <span class='ocrx_word' id='word_1_86' title='bbox 638 1877 685 1950; x_wconf 89' lang='lat' dir='ltr'><strong>ad</strong></span> <span class='ocrx_word' id='word_1_87' title='bbox 706 1881 830 1978; x_wconf 90' lang='lat' dir='ltr'><strong>ipsum</strong></span> <span class='ocrx_word' id='word_1_88' title='bbox 849 1877 1031 1952; x_wconf 82' lang='lat' dir='ltr'><strong>duntaxat</strong></span> <span class='ocrx_word' id='word_1_89' title='bbox 1051 1881 1292 1978; x_wconf 87' lang='lat' dir='ltr'><strong>pertineant,</strong></span> 
     </span>
     <span class='ocr_line' id='line_1_14' title="bbox 276 1997 1290 2097; baseline -0.001 -27"><span class='ocrx_word' id='word_1_90' title='bbox 276 1997 325 2070; x_wconf 88' lang='lat' dir='ltr'><strong>ad</strong></span> <span class='ocrx_word' id='word_1_91' title='bbox 343 1998 487 2070; x_wconf 84' lang='lat' dir='ltr'><strong>viscera</strong></span> <span class='ocrx_word' id='word_1_92' title='bbox 515 1998 673 2069; x_wconf 85' lang='lat' dir='ltr'><strong>attinere</strong></span> <span class='ocrx_word' id='word_1_93' title='bbox 708 1997 918 2070; x_wconf 85' lang='lat' dir='ltr'><strong>videantur.</strong></span> <span class='ocrx_word' id='word_1_94' title='bbox 945 1997 1105 2087; x_wconf 87' lang='lat' dir='ltr'><strong>Qualem</strong></span> <span class='ocrx_word' id='word_1_95' title='bbox 1139 1999 1290 2097; x_wconf 78' lang='lat' dir='ltr'><strong>inpio,</strong></span> 
     </span>
     <span class='ocr_line' id='line_1_15' title="bbox 276 2113 1290 2214; baseline 0.003 -27"><span class='ocrx_word' id='word_1_96' title='bbox 276 2114 468 2214; x_wconf 90' lang='lat' dir='ltr'><strong>doctoque</strong></span> <span class='ocrx_word' id='word_1_97' title='bbox 481 2115 675 2187; x_wconf 88' lang='lat' dir='ltr'><strong>sacerdote</strong></span> <span class='ocrx_word' id='word_1_98' title='bbox 694 2113 858 2186; x_wconf 87' lang='lat' dir='ltr'><strong>vidimus</strong></span> <span class='ocrx_word' id='word_1_99' title='bbox 875 2116 994 2188; x_wconf 89' lang='lat' dir='ltr'><strong>instar</strong></span> <span class='ocrx_word' id='word_1_100' title='bbox 1010 2115 1140 2212; x_wconf 83' lang='lat' dir='ltr'><strong>magni</strong></span> <span class='ocrx_word' id='word_1_101' title='bbox 1153 2115 1290 2190; x_wconf 83' lang='lat' dir='ltr'><strong>hemis·</strong></span> 
     </span>
     <span class='ocr_line' id='line_1_16' title="bbox 274 2231 1287 2334; baseline 0 -30"><span class='ocrx_word' id='word_1_102' title='bbox 274 2233 406 2334; x_wconf 80' lang='lat' dir='ltr'><strong>phaerii</strong></span> <span class='ocrx_word' id='word_1_103' title='bbox 425 2231 718 2332; x_wconf 77' lang='lat' dir='ltr'><strong>prominentem.</strong></span> <span class='ocrx_word' id='word_1_104' title='bbox 736 2234 812 2323; x_wconf 88' lang='lat' dir='ltr'><strong>Qui</strong></span> <span class='ocrx_word' id='word_1_105' title='bbox 829 2257 916 2304; x_wconf 90' lang='lat' dir='ltr'><strong>cum</strong></span> <span class='ocrx_word' id='word_1_106' title='bbox 933 2247 1087 2330; x_wconf 89' lang='lat' dir='ltr'><strong>apertus</strong></span> <span class='ocrx_word' id='word_1_107' title='bbox 1105 2234 1287 2323; x_wconf 89' lang='lat' dir='ltr'><strong>multam,</strong></span> 
     </span>
     <span class='ocr_line' id='line_1_17' title="bbox 274 2347 1287 2454; baseline -0.002 -30"><span class='ocrx_word' id='word_1_108' title='bbox 274 2349 547 2454; x_wconf 41' lang='lat' dir='ltr'><strong>foed&#39;issimique</strong></span> <span class='ocrx_word' id='word_1_109' title='bbox 565 2351 694 2422; x_wconf 91' lang='lat' dir='ltr'><strong>odoris</strong></span> <span class='ocrx_word' id='word_1_110' title='bbox 711 2351 905 2422; x_wconf 88' lang='lat' dir='ltr'><strong>materiam</strong></span> <span class='ocrx_word' id='word_1_111' title='bbox 922 2347 1140 2438; x_wconf 83' lang='lat' dir='ltr'><strong>effudisset,</strong></span> <span class='ocrx_word' id='word_1_112' title='bbox 1164 2376 1187 2422; x_wconf 91' lang='lat' dir='ltr'><strong>a</strong></span> <span class='ocrx_word' id='word_1_113' title='bbox 1209 2349 1287 2423; x_wconf 88' lang='lat' dir='ltr'><strong>chi·</strong></span> 
     </span>
     <span class='ocr_line' id='line_1_18' title="bbox 271 2466 1283 2567; baseline 0 -26"><span class='ocrx_word' id='word_1_114' title='bbox 271 2471 398 2567; x_wconf 82' lang='lat' dir='ltr'><strong>rurgis</strong></span> <span class='ocrx_word' id='word_1_115' title='bbox 415 2468 578 2540; x_wconf 85' lang='lat' dir='ltr'><strong>demisso</strong></span> <span class='ocrx_word' id='word_1_116' title='bbox 595 2468 749 2566; x_wconf 90' lang='lat' dir='ltr'><strong>specillo</strong></span> <span class='ocrx_word' id='word_1_117' title='bbox 765 2466 1048 2540; x_wconf 86' lang='lat' dir='ltr'><strong>animadversus</strong></span> <span class='ocrx_word' id='word_1_118' title='bbox 1064 2481 1120 2540; x_wconf 91' lang='lat' dir='ltr'><strong>est</strong></span> <span class='ocrx_word' id='word_1_119' title='bbox 1136 2484 1283 2542; x_wconf 85' lang='lat' dir='ltr'><strong>tanturn</strong></span> 
     </span>
     <span class='ocr_line' id='line_1_19' title="bbox 271 2586 1283 2685; baseline 0.001 -26"><span class='ocrx_word' id='word_1_120' title='bbox 271 2589 479 2659; x_wconf 84' lang='lat' dir='ltr'><strong>introrsum</strong></span> <span class='ocrx_word' id='word_1_121' title='bbox 501 2587 710 2684; x_wconf 87' lang='lat' dir='ltr'><strong>pertinere,</strong></span> <span class='ocrx_word' id='word_1_122' title='bbox 739 2601 925 2682; x_wconf 86' lang='lat' dir='ltr'><strong>quantum</strong></span> <span class='ocrx_word' id='word_1_123' title='bbox 955 2586 1120 2658; x_wconf 87' lang='lat' dir='ltr'><strong>exterius</strong></span> <span class='ocrx_word' id='word_1_124' title='bbox 1140 2588 1283 2685; x_wconf 90' lang='lat' dir='ltr'><strong>promi·</strong></span> 
     </span>
     <span class='ocr_line' id='line_1_20' title="bbox 272 2701 1282 2801; baseline 0.002 -26"><span class='ocrx_word' id='word_1_125' title='bbox 272 2719 426 2792; x_wconf 82' lang='lat' dir='ltr'><strong>nuerat3</strong></span> <span class='ocrx_word' id='word_1_126' title='bbox 447 2718 490 2775; x_wconf 92' lang='lat' dir='ltr'><strong>ut</strong></span> <span class='ocrx_word' id='word_1_127' title='bbox 506 2703 678 2801; x_wconf 87' lang='lat' dir='ltr'><strong>plerique</strong></span> <span class='ocrx_word' id='word_1_128' title='bbox 698 2728 777 2775; x_wconf 90' lang='lat' dir='ltr'><strong>non</strong></span> <span class='ocrx_word' id='word_1_129' title='bbox 790 2701 1041 2776; x_wconf 91' lang='lat' dir='ltr'><strong>dubitandum</strong></span> <span class='ocrx_word' id='word_1_130' title='bbox 1060 2703 1282 2794; x_wconf 89' lang='lat' dir='ltr'><strong>crederent,</strong></span> 
     </span>
     <span class='ocr_line' id='line_1_21' title="bbox 272 2819 1391 2922; baseline 0.004 -31"><span class='ocrx_word' id='word_1_131' title='bbox 272 2823 365 2920; x_wconf 91' lang='lat' dir='ltr'><strong>quin</strong></span> <span class='ocrx_word' id='word_1_132' title='bbox 382 2820 429 2892; x_wconf 94' lang='lat' dir='ltr'><strong>ad</strong></span> <span class='ocrx_word' id='word_1_133' title='bbox 449 2822 571 2892; x_wconf 87' lang='lat' dir='ltr'><strong>viscus</strong></span> <span class='ocrx_word' id='word_1_134' title='bbox 591 2819 745 2917; x_wconf 88' lang='lat' dir='ltr'><strong>aliquod</strong></span> <span class='ocrx_word' id='word_1_135' title='bbox 768 2835 962 2918; x_wconf 86' lang='lat' dir='ltr'><strong>spectaret.</strong></span> <span class='ocrx_word' id='word_1_136' title='bbox 992 2823 1135 2894; x_wconf 91' lang='lat' dir='ltr'><strong>Verum</strong></span> <span class='ocrx_word' id='word_1_137' title='bbox 1155 2848 1279 2922; x_wconf 87' lang='lat' dir='ltr'><strong>neque</strong></span> <span class='ocrx_word' id='word_1_138' title='bbox 1390 2847 1391 2852; x_wconf 71' lang='grc'>’</span> 
     </span>
     <span class='ocr_line' id='line_1_22' title="bbox 271 2936 1279 3034; baseline 0.001 -23"><span class='ocrx_word' id='word_1_139' title='bbox 271 2940 390 3012; x_wconf 84' lang='lat' dir='ltr'><strong>exitus</strong></span> <span class='ocrx_word' id='word_1_140' title='bbox 409 2954 487 3010; x_wconf 89' lang='lat' dir='ltr'><strong>erat</strong></span> <span class='ocrx_word' id='word_1_141' title='bbox 512 2937 624 3010; x_wconf 91' lang='lat' dir='ltr'><strong>ullius</strong></span> <span class='ocrx_word' id='word_1_142' title='bbox 643 2963 725 3034; x_wconf 86' lang='lat' dir='ltr'><strong>quae</strong></span> <span class='ocrx_word' id='word_1_143' title='bbox 746 2936 1075 3024; x_wconf 77' lang='lat' dir='ltr'><strong>idconfirmaret,</strong></span> <span class='ocrx_word' id='word_1_144' title='bbox 1093 2943 1279 3028; x_wconf 78' lang='lat' dir='ltr'><strong>materia,</strong></span> 
     </span>
     <span class='ocr_line' id='line_1_23' title="bbox 269 3055 1278 3155; baseline 0.002 -27"><span class='ocrx_word' id='word_1_145' title='bbox 269 3079 396 3153; x_wconf 89' lang='lat' dir='ltr'><strong>neque</strong></span> <span class='ocrx_word' id='word_1_146' title='bbox 412 3055 487 3126; x_wconf 80' lang='lat' dir='ltr'><strong>laesi</strong></span> <span class='ocrx_word' id='word_1_147' title='bbox 506 3055 728 3152; x_wconf 83' lang='lat' dir='ltr'><strong>cujusquam</strong></span> <span class='ocrx_word' id='word_1_148' title='bbox 745 3057 898 3128; x_wconf 89' lang='lat' dir='ltr'><strong>visceris</strong></span> <span class='ocrx_word' id='word_1_149' title='bbox 916 3070 1034 3145; x_wconf 86' lang='lat' dir='ltr'><strong>notae,</strong></span> <span class='ocrx_word' id='word_1_150' title='bbox 1062 3072 1099 3128; x_wconf 91' lang='lat' dir='ltr'><strong>et</strong></span> <span class='ocrx_word' id='word_1_151' title='bbox 1113 3056 1278 3155; x_wconf 87' lang='lat' dir='ltr'><strong>perfecta</strong></span> 
     </span>
    </p>
   </div>
   <div class='ocr_carea' id='block_1_4' title="bbox 70 3170 1279 3272">
    <p class='ocr_par' dir='ltr' id='par_1_4' title="bbox 70 3170 1279 3272">
     <span class='ocr_line' id='line_1_24' title="bbox 70 3170 1279 3272; baseline 0 -26"><span class='ocrx_word' id='word_1_152' title='bbox 70 3197 73 3204; x_wconf 86' lang='lat'><em>·</em></span> <span class='ocrx_word' id='word_1_153' title='bbox 166 3259 173 3266; x_wconf 19' lang='grc' dir='ltr'>ἱ</span> <span class='ocrx_word' id='word_1_154' title='bbox 270 3172 434 3272; x_wconf 90' lang='lat' dir='ltr'><strong>denique</strong></span> <span class='ocrx_word' id='word_1_155' title='bbox 450 3173 559 3272; x_wconf 82' lang='lat' dir='ltr'><strong>aegri,</strong></span> <span class='ocrx_word' id='word_1_156' title='bbox 593 3170 750 3244; x_wconf 79' lang='lat' dir='ltr'><strong>feliciter</strong></span> <span class='ocrx_word' id='word_1_157' title='bbox 767 3174 906 3246; x_wconf 91' lang='lat' dir='ltr'><strong>multos</strong></span> <span class='ocrx_word' id='word_1_158' title='bbox 925 3172 1061 3245; x_wconf 85' lang='lat' dir='ltr'><strong>exinde</strong></span> <span class='ocrx_word' id='word_1_159' title='bbox 1080 3199 1204 3248; x_wconf 86' lang='lat' dir='ltr'><strong>annos</strong></span> <span class='ocrx_word' id='word_1_160' title='bbox 1224 3177 1279 3247; x_wconf 86' lang='lat' dir='ltr'><strong>vi·</strong></span> 
     </span>
    </p>
   </div>
   <div class='ocr_carea' id='block_1_5' title="bbox 268 3289 1277 3509">
    <p class='ocr_par' dir='ltr' id='par_1_5' title="bbox 268 3289 1277 3509">
     <span class='ocr_line' id='line_1_25' title="bbox 268 3289 1277 3390; baseline 0.001 -27"><span class='ocrx_word' id='word_1_161' title='bbox 268 3294 409 3380; x_wconf 88' lang='lat' dir='ltr'><strong>ventis,</strong></span> <span class='ocrx_word' id='word_1_162' title='bbox 434 3292 577 3362; x_wconf 90' lang='lat' dir='ltr'><strong>sanatio</strong></span> <span class='ocrx_word' id='word_1_163' title='bbox 594 3290 769 3388; x_wconf 85' lang='lat' dir='ltr'><strong>praeclare</strong></span> <span class='ocrx_word' id='word_1_164' title='bbox 799 3289 984 3380; x_wconf 89' lang='lat' dir='ltr'><strong>ostendit,</strong></span> <span class='ocrx_word' id='word_1_165' title='bbox 999 3315 1083 3390; x_wconf 82' lang='lat' dir='ltr'><strong>quae</strong></span> <span class='ocrx_word' id='word_1_166' title='bbox 1109 3293 1277 3366; x_wconf 87' lang='lat' dir='ltr'><strong>intanto</strong></span> 
     </span>
     <span class='ocr_line' id='line_1_26' title="bbox 268 3404 1277 3509; baseline 0.003 -28"><span class='ocrx_word' id='word_1_167' title='bbox 268 3421 418 3481; x_wconf 89' lang='lat' dir='ltr'><strong>tumore</strong></span> <span class='ocrx_word' id='word_1_168' title='bbox 429 3422 607 3504; x_wconf 83' lang='lat' dir='ltr'><strong>congesta</strong></span> <span class='ocrx_word' id='word_1_169' title='bbox 622 3404 769 3482; x_wconf 84' lang='lat' dir='ltr'><strong>fuerant</strong></span> <span class='ocrx_word' id='word_1_170' title='bbox 781 3463 790 3498; x_wconf 95' lang='lat'><strong>,</strong></span> <span class='ocrx_word' id='word_1_171' title='bbox 801 3408 1200 3509; x_wconf 89' lang='lat' dir='ltr'><strong>musculososquidem</strong></span> <span class='ocrx_word' id='word_1_172' title='bbox 1214 3410 1277 3484; x_wconf 85' lang='lat' dir='ltr'><strong>ab·</strong></span> 
     </span>
    </p>
   </div>
   <div class='ocr_carea' id='block_1_6' title="bbox 0 0 1410 4656">
    <p class='ocr_par' dir='ltr' id='par_1_6' title="bbox 0 0 1410 4656">
     <span class='ocr_line' id='line_1_27' title="bbox 0 0 1410 4656; baseline 0 7"><span class='ocrx_word' id='word_1_173' title='bbox 0 0 1410 4656; x_wconf 95' lang='lat' dir='ltr'><strong> </strong></span> 
     </span>
    </p>
   </div>
  </div>
 </body>
</html>
