2828 4652
195 452 263 500 mn.
276 451 324 498 lv.
340 451 390 498 ut
401 450 723 522 ttonmsctttnuno.
732 479 742 514 ‚
751 442 820 508 eil).
834 451 945 500 nrtsr.
957 454 1053 501 ΧΕῙΧ.
1086 455 1157 530 197

127 565 335 661 ,rigiditate
355 564 474 663 plane
500 563 653 636 insolita
682 579 721 636 et
741 570 854 661 qnasi
873 565 1013 661 lignea,
1032 581 1081 660 ⁸ut
1106 567 1157 642 ab

141 697 232 754 ortu
249 682 296 754 ad
310 683 481 754 triduum
498 681 603 780 quod
612 683 722 772 visit,
741 683 813 754 uisi
832 684 1070 781 respirasset,
1099 685 1156 766 id·

120 825 220 896 ,que
240 799 447 872 admodum
470 799 623 892 leviter,
650 823 721 897 pro
736 815 892 892 'mortuo
911 796 958 872 ab
976 781 1155 880 omnibus

123 915 295 1018 habitus
320 919 478 988 omnino
507 931 615 990 esset.
648 921 780 1016 Neque
816 903 1031 1016 eiemplum
1059 921 1155 992 omi-

140 1034 251 1108 sisset
271 1035 477 1108 Clauderus
503 1034 659 1108 illustris
671 1033 818 1110 feminae
835 1035 914 1132 (r),
932 1037 994 1108 cui
1008 1037 1159 1135 aliquot

139 1165 232 1221 onte
265 1165 422 1224 mortem
447 1151 578 1226 diebus
611 1159 820 1252 exspiratio
843 1178 997 1252 ,semper
1017 1157 1158 1245 fuerat

125 1267 408 1366 frigidissima,
423 1271 463 1341 in
480 1271 645 1343 extincta
662 1286 788 1344 autem
806 1295 892 1344 cum
908 1271 1042 1373 pulmo
1057 1263 1172 1346 uter?

138 1411 218 1484 que
232 1393 405 1486 copiosos
420 1386 579 1482 haberet
593 1389 817 1482 stratos-et
835 1395 1022 1480 vomicas,
1045 1391 1155 1492 sinis·
1186 1456 1188 1462 ,

123 1517 201 1578 lter
218 1517 320 1574 tactu
336 1511 517 1576 arcessire
531 1510 652 1578 instar
656 1506 793 1603 glaciei
792 1503 961 1602 frigidus
976 1506 1155 1602 inventus

122 1671 127 1680 ¹
140 1634 219 1710 est,
235 1619 349 1718 quale
354 1622 484 1720 frigus
497 1647 616 1719 neque
629 1629 667 1694 in
677 1623 798 1694 altero
817 1623 1022 1720 pulmone,
1034 1647 1155 1722 neque

123 1743 180 1820 ¹in
208 1735 290 1809 ulla
318 1738 399 1809 alia
424 1745 593 1839 corporis
618 1755 736 1840 parte
772 1742 1047 1814 observabatur.
1080 1740 1155 1814 Sed

118 1881 211 1930 ,nos
232 1872 269 1930 et
291 1873 487 1948 mortuos,⁴
503 1874 541 1930 et
568 1861 643 1931 cito
667 1861 877 1956 morituros.
902 1883 1153 1957 seponamus,

139 1999 284 2089 eosqu‘e
301 1975 480 2048 duntaxat
494 2001 593 2075 quos
612 2001 759 2048 servare
778 1979 905 2076 potuit
925 1977 1153 2070 Clauderus,

139 2095 315 2191 quamvis
331 2087 489 2192 frigidus
504 2120 524 2167 e
541 2094 698 2166 naribus
717 2096 868 2193 sanguis
892 2093 1070 2182 stillaret,
1087 2109 1154 2174 aut

121 2257 124 2264 ‚
139 2213 251 2282 urina
269 2208 404 2308 frigida
415 2211 605 2310 prodiret,
623 2236 711 2284 cum
723 2212 1049 2310 mulierennostraff
1068 2236 1152 2310 quae

138 2330 222 2427 ipsa
242 2353 396 2428 quoque
414 2345 558 2406 servata
579 2345 654 2421 est,
679 2355 962 2430 comparemus„
982 2333 1091 2402 Certe
1115 2345 1153 2408 et

138 2471 243 2545 aegrae
276 2462 413 2520 nost-rae
451 2465 645 2524 menstrua
697 2446 831 2548 frigida
875 2462 1181 2546 provenerant:¹

115 2625 123 2638 .
140 2588 362 2664 quanquam
374 2565 461 2638 satis
480 2566 709 2644 discriminis
725 2581 781 2646 est
803 2567 902 2638 inter
928 2566 1152 2664 sanguinem

118 2707 186 2756 ,ex
204 2684 323 2756 incisa
343 2707 439 2759 vena
454 2686 576 2772 Statim
603 2700 836 2774 manantem,
870 2699 907 2756 et
927 2684 1152 2780 sanguinem

139 2802 181 2872 in
203 2802 372 2890 narium,
385 2801 558 2893 uterive‚
583 2827 626 2874 ac
659 2803 802 2901 vaginae
830 2826 960 2874 caveas
984 2801 1153 2882 stillatim

121 2917 397 3008 excidentem,
413 2917 692 3019 humoremque
713 2919 884 3008 tandem,
906 2934 1109 3018 postquam
1131 2941 1152 2988 e

121 3037 324 3135 ,sanguine
342 3051 508 3110 secretus
523 3053 578 3110 est
599 3055 668 3136 per
687 3039 785 3110 viam
807 3037 1066 3136 longissimam
1086 3035 1153 3106 de·
1267 3083 1269 3101 .

122 3153 345 3244 ‚fluentem3
362 3169 405 3227 ut
421 3155 619 3254 aliquanto.
638 3157 765 3228 minus
793 3152 947 3228 difficile
969 3154 1016 3234 sit
1040 3151 1151 3236 intel·

140 3272 277 3371 ligere,
302 3273 498 3371 quomodo
520 3274 598 3347 haec
612 3273 752 3373 ¹frigida
773 3275 896 3363 exire,
923 3296 1036 3370 quam
1059 3295 1153 3370 quo*

124 3389 263 3468 ,modo
294 3392 335 3462 in
361 3416 457 3468 vena
495 3392 646 3491 sanguis
670 3390 829 3490 frigidus
862 3414 941 3463 esse
975 3389 1154 3488 potuerit.

123 3507 256 3599 ¹Quod
280 3511 310 3580 si
335 3524 378 3580 ut
396 3508 596 3596 inferiora,
618 3512 669 3582 ita
698 3509 893 3608 superiora
923 3511 1035 3580 etiam
1069 3530 1153 3586 cor-

141 3627 247 3726 poris
269 3627 308 3698 in
329 3649 425 3724 :egra
443 3643 573 3701 nostra
598 3642 694 3726 'tunc
721 3625 964 3727 friguissent3
996 3624 1152 3708 fortasse

183 3997 230 4078 (r)
250 3980 417 4061 Commerc.
431 4000 521 4081 litter.
535 4019 585 4084 sn.
605 4002 700 4078 ¹743>
712 3997 804 4064 hebd..
816 4017 869 4074 ²1,
882 4017 913 4056 n.
927 4005 959 4074 4·.
