2828 4652
317 437 382 490 112
481 437 527 484 DE
553 433 699 484 ssolnus
723 436 768 483 ΕΤ
793 435 918 486 causts
944 433 1154 486 MORBORUM
1198 463 1203 472 ·

312 567 438 626 autem
462 548 653 622 Barbettus
664 549 718 646 (ι)
730 547 874 621 addidit
887 601 897 638 ‚
912 549 1052 647 quibus
1070 549 1220 624 indiciis
1240 574 1320 624 san·

311 671 393 769 guis
404 693 448 740 ex
461 668 551 766 ipsis
559 665 709 739 flueusa
726 682 922 740 menstruo
933 669 1225 742 internoscatur.

359 794 417 886 47.
446 790 640 858 Postremo
657 799 785 882 partus
803 781 1001 858 infelicitas
1020 811 1099 858 non
1134 787 1175 858 in
1196 802 1319 861 matre

310 905 464 992 solum„
480 900 546 975 sed
567 903 676 974 etiam
701 885 750 974 in'
769 901 870 974 edita
886 903 992 1001 prole
1012 903 1218 1002 spectanda
1242 920 1319 994 est,

309 1025 385 1096 sive
400 1021 649 1106 haecmortua‚
662 1017 797 1116 quade
811 1043 853 1092 re
865 1019 1085 1118 supradixi,
1098 1021 1175 1094 sive
1188 1045 1319 1094 mons·

307 1153 409 1212 trusa
429 1139 586 1235 insuper
598 1151 722 1226 exeat,
739 1137 815 1208 sive
829 1134 982 1210 demum
995 1139 1125 1210 vivens
1138 1137 1316 1236 quidem,
1405 1221 1406 1244 ,

306 1254 373 1330 sed
387 1271 450 1328 aut
461 1268 688 1342 monstrosa,
705 1269 769 1326 aut
778 1255 881 1352 gravi
893 1255 1065 1328 aliovitio
1075 1251 1209 1328 affecta
1223 1279 1316 1330 nas-

308 1386 424 1445 catur.
450 1372 615 1443 Primum
632 1371 747 1468 igitur
769 1369 816 1442 de
842 1373 1020 1444 monstris
1044 1395 1111 1444 seu
1129 1374 1310 1462 mortuis,

306 1513 374 1564 seu
401 1489 494 1560 vivis
521 1487 649 1577 editis,
671 1487 843 1586 quaedam
868 1486 1080 1587 proferam,
1105 1490 1233 1564 minus
1264 1491 1313 1564 ad
1355 1527 1359 1540 ·

304 1606 600 1682 controversiam
613 1630 695 1704 quae
712 1605 908 1678 decorum
924 1607 1071 1704 origine
1087 1633 1108 1680 a
1121 1609 1211 1682 viris
1222 1609 1316 1682 doc·

306 1725 456 1797 tissimis
473 1721 549 1794 hoc
573 1722 707 1796 saeculo
724 1723 862 1820 agitata
877 1738 955 1812 est,
977 1747 1092 1821 quam
1110 1723 1158 1796 ad
1180 1724 1315 1800 obser.
1406 1713 1407 1732 ¹

309 1842 479 1914 vationes
504 1841 604 1939 ipsas
633 1841 859 1939 spectantia,
879 1840 929 1912 ab
953 1839 1025 1914 hac
1044 1840 1222 1914 Valsalvae
1244 1844 1314 1915 ini·

306 1961 398 2032 tium
415 1957 568 2032 ducens.
1191 1969 1193 1977 ⁴

355 2079 413 2168 48.
432 2078 612 2167 Monstri,
626 2091 670 2148 ut
686 2076 801 2174 vulgo
818 2075 1040 2165 videbatur,
1056 2073 1192 2148 bufoni
1209 2080 1313 2151 simi·
1407 2069 1408 2120 t

306 2198 372 2288 lis,
386 2212 506 2270 mater
522 2194 655 2293 saepius
671 2209 779 2266 antea
797 2191 895 2266 filios
919 2217 1022 2266 nunc
1040 2218 1185 2284 mares,
1203 2221 1311 2273 nunc

304 2314 462 2390 feminas
473 2314 689 2412 promiscue
702 2325 922 2410 pepererat,
940 2311 1026 2384 illos
1042 2335 1175 2386 omnes
1195 2315 1314 2388 undi-

262 2522 265 2526 ,
306 2459 381 2534 que
400 2430 602 2521 sanos,has
614 2445 758 2518 autem,
772 2454 854 2528 quae
868 2427 1131 2520 duaefuerant,
1146 2457 1313 2530 quarum

304 2554 420 2624 altera
431 2565 524 2621 tunc
542 2572 685 2620 annum
696 2547 829 2646 agebat
842 2545 944 2637 XIII,
956 2548 1074 2622 altera
1088 2573 1233 2647 paucos
1248 2577 1314 2624 ao·

303 2693 375 2742 nos
383 2669 525 2740 vixerat
538 2721 549 2758 ,
566 2665 697 2739 surdas
711 2665 859 2756 ambas,
877 2681 916 2740 et
928 2665 1032 2764 quod
1047 2670 1312 2766 consequitur,

301 2801 434 2859 mutas.
454 2785 663 2860 Novissime
678 2807 765 2855 cum
781 2797 867 2856 ante
886 2799 974 2856 octo
996 2784 1144 2870 circiter
1161 2809 1312 2862 meuses

304 2905 560 3003 concepisset,
585 2917 667 2974 toto
680 2916 806 2978 autem
821 2899 936 2998 hujus
956 2903 1172 3000 gestationis
1188 2907 1310 3003 spatio

303 3043 452 3122 semper
469 3036 601 3094 moesta
617 3021 813 3118 jacuisset,
826 3065 830 3074 ·
844 3035 880 3094 et
896 3044 972 3118 prae
986 3022 1162 3096 moestitia
1175 3027 1312 3122 saepius

299 3140 390 3236 flere
403 3140 675 3225 consuevisset,
696 3135 808 3212 foetus
831 3153 956 3212 autem
985 3154 1131 3210 motum
1153 3141 1189 3212 si
1219 3165 1309 3214 cum

300 3258 460 3332 aliorum
485 3272 594 3333 motu
620 3279 718 3353 quos
739 3271 848 3328 antea
876 3254 1064 3344 ediderat,
1096 3253 1308 3349 conferret,

299 3375 395 3450 adeo
428 3372 654 3475 languidum
685 3373 1008 3450 animadvertisset
1042 3387 1085 3444 ut
1112 3374 1307 3448 interdum

298 3492 416 3567 ferme
430 3491 602 3565 crederet
618 3506 812 3563 mortuum
826 3519 837 3582 3
852 3515 905 3562 eo
930 3515 1008 3589 quo
1033 3488 1195 3564 diximus
1211 3507 1306 3564 tem·

297 3637 392 3714 pore
410 3609 616 3684 femineum
628 3606 760 3682 foetum
774 3611 814 3680 in
832 3609 956 3682 lucem
969 3609 1107 3698 emisit,
1128 3611 1306 3686 secundis

330 3987 383 4068 '.(¹)
401 3987 633 4065 Anatpraet.1.
649 3983 778 4055 tudun.
848 4005 851 4014 =
