2812 4656
280 430 349 504 282
445 453 491 504 os
517 450 664 502 sautans
688 453 733 502 ar
758 451 882 503 causis
907 450 1120 504 uoaaoauu

280 565 490 665 descripsi,
534 591 621 638 cum
652 565 699 638 de
734 567 880 640 vomitu
919 577 1136 646 sermonem
1167 565 1292 668 ,Ψὼοο

280 709 361 758 rem
377 683 457 782 (1),
485 709 628 756 annum
656 687 782 782 agenti
805 689 948 772 XXXI,
988 699 1158 783 coeperat
1175 686 1221 762 in
1239 709 1295 758 su-

280 785 432 901 periore
467 818 572 902 parte
604 802 776 874 mamillae
803 802 963 880 dexterae
998 803 1156 902 parvula
1186 805 1296 900 quasi

282 919 459 1020 glandula
486 921 713 1018 prominere.
744 925 829 994 Haec
863 923 1001 999 sensim
1030 936 1161 1009 aucta,
1195 923 1296 996 intra

280 1061 425 1110 annum
441 1039 589 1130 circiter
603 1040 643 1110 in
660 1053 850 1118 tumorem
871 1039 1034 1116 excrevit
1050 1041 1175 1137 pugni
1191 1055 1298 1137 mag=

281 1156 471 1244 nitudine,
491 1151 732 1258 praedurum,
752 1157 815 1230 sed
833 1159 980 1230 cunctis
1002 1183 1124 1258 pravae
1150 1172 1298 1233 natura

282 1275 431 1350 indiciis
445 1274 698 1374 peculiaribus
710 1289 911 1352 carentem.
930 1280 965 1350 Is
981 1291 1116 1366 ‚tumor
1131 1275 1206 1348 sub
1225 1277 1298 1350 ini-

283 1393 378 1466 tium
397 1393 488 1466 anni
500 1397 590 1490 1742
604 1447 614 1482 ,
627 1393 916 1490 quartodecimo
928 1418 974 1466 ex
987 1419 1066 1490 quo
1080 1395 1298 1492 inceperat,

284 1535 438 1599 mense,
456 1526 591 1612 sponte
608 1535 646 1584 se
657 1513 826 1609 aperuit,
846 1511 1089 1608 ostenditque
1098 1513 1203 1592 intra
1217 1535 1300 1584 cor·

285 1628 475 1717 tieem,ab
493 1629 762 1728 integumentis
775 1627 934 1718 factum,
952 1645 990 1702 et
1007 1628 1114 1702 fibris
1133 1631 1298 1716 carneis,
1389 1718 1394 1731 Ι

285 1745 382 1818 nihil
401 1747 473 1818 nisi
488 1747 681 1820 materiam
699 1773 782 1846 quae
793 1747 932 1823 calcem
941 1747 1032 1822 alibi
1042 1747 1300 1835 duram‚alibi

285 1864 498 1939 molliorem
516 1863 711 1940 referebat.

335 1985 511 2076 46.Tunc
539 1985 619 2084 ipse
639 2000 677 2058 et
689 1981 783 2076 vidi,
810 1999 846 2059 et
864 1985 970 2083 tetigi
993 1976 1101 2056 intra
1128 1983 1298 2062 hiantem

286 2118 477 2175 tumorem
494 2103 689 2174 materiam
709 2101 827 2191 hanc,
842 2103 983 2200 quippe
998 2127 1086 2178 cum
1106 2102 1189 2178 aliis
1205 2127 1300 2178 uon·

286 2221 401 2294 nullis
420 2221 605 2318 gymnasii
629 2217 906 2318 professoribus
935 2219 1085 2291 consilii
1108 2243 1222 2295 causa
1242 2244 1298 2292 ac·

289 2344 454 2413 cersitus.
480 2343 575 2413 Cum
594 2353 702 2438 pater
730 2363 897 2435 avusque
923 2335 1081 2412 luissent
1107 2337 1297 2415 arthritidi

287 2457 395 2528 valde
412 2456 589 2544 obnoxii,
616 2481 714 2556 aeger
736 2471 861 2550 autem
885 2455 948 2530 hic
973 2481 1196 2554 nunquam,
1225 2457 1298 2536 nisi

289 2573 394 2676 quod
406 2575 526 2648 levem
544 2574 770 2672 aliquand0,
788 2573 1020 2672 brevemque
1044 2575 1093 2648 ad
1119 2575 1298 2672 pollicem
1394 2671 1395 2674 Ἴ

193 2767 196 2773 ,
289 2692 442 2766 alterius
460 2692 584 2794 pedis,
606 2692 777 2765 dolorem
787 2695 849 2764 vix
859 2691 1199 2782 animadverterat3
1224 2718 1297 2766 cre·
1394 2765 1395 2768 ,

290 2809 406 2884 dibile
419 2811 618 2884 videbatur
629 2811 831 2901 omnibus,
851 2836 934 2909 quae
959 2826 1120 2886 tartarea
1142 2814 1297 2886 materia

288 2929 362 3000 illis
398 2930 437 2998 in
464 2929 753 3026 mucilaginosas
792 2931 1036 3002 articulorum
1084 2929 1297 3028 glandulas,

291 3047 399 3134 huic,
431 3073 517 3120 cum
532 3049 572 3118 in
591 3073 652 3119 eas
670 3046 825 3122 fortasse
851 3047 1038 3122 firmiores
1058 3073 1135 3120 non
1153 3064 1296 3147 posset,

289 3169 329 3240 in
347 3167 584 3239 mammarias
612 3165 848 3256 incubuisse,
868 3157 984 3263 idque
1005 3163 1169 3253 facilius,
1194 3164 1296 3264 quod

291 3300 460 3356 sternum
477 3283 748 3366 animadverti,
764 3285 825 3354 vix
843 3285 952 3355 tertia
971 3275 992 3354 a
1009 3307 1158 3354 summo
1178 3284 1294 3384 longi·

290 3401 433 3472 tudinis
452 3417 557 3498 parte
585 3426 758 3488 emensa,
787 3417 961 3499 repente,
983 3417 1021 3472 et
1044 3401 1153 3472 valde
1177 3402 1293 3474 subsi-

291 3517 401 3606 dere,
433 3516 680 3614 quamobrem
714 3521 943 3590 mammariis
973 3520 1070 3590 vasis
1102 3518 1150 3590 ad
1184 3519 1293 3592 sterni

203 3642 210 3656 ’
290 3636 406 3707 latera
422 3635 469 3706 ad
481 3636 661 3733 angulum
679 3635 741 3706 hic
758 3635 921 3726 inflexis,
940 3651 1088 3707 mutum
1106 3638 1292 3736 sanguinis
1393 3719 1394 3732 χ

328 4007 372 4089 (1)
392 4010 486 4087 Epist.
503 4011 601 4084 3o,n.
615 4029 643 4084 7.
