3000 4658
259 499 328 554 trs.
345 498 393 555 iv.
410 503 456 554 nr
470 495 814 572 nonstsclt'rrrunc.,
831 497 900 558 etc.
920 504 1032 560 rrrsr.
1050 501 1115 562 tn.
1142 485 1214 582 lod

261 623 306 691 In
336 621 489 693 thorace
520 623 721 719 pulmones
749 647 769 693 a
795 633 901 722 tergo
939 629 1115 726 perpigri.
1141 636 1217 702 Cor

215 733 339 810 laxum
371 739 572 838 pluresque
601 741 640 810 in
671 740 752 838 eju:
778 739 997 815 ventriculis
1028 745 1217 846 polyposae

215 857 486 928 concretiones.
507 859 621 944 Vasa,
645 867 687 927 ut
713 872 750 928 et
789 877 814 926 n
836 859 983 956 reliquo
1002 865 1137 959 passim
1158 885 1218 936 ca·

217 971 517 1059 dovere,'multo
543 973 725 1072 sanguine
750 971 895 1045 referta.
931 979 975 1048 In
1003 979 1124 1077 capite
1153 979 1219 1053 d‘e‘-

217 1114 342 1177 muni,
363 1115 406 1162 os
429 1091 612 1189 sincipitis
633 1113 706 1188 qua
725 1090 871 1162 allisum
886 1087 1025 1181 fuerat,
1042 1097 1145 1169 intus
1161 1113 1221 1169 ert·-

220 1221 353 1305 traqne
363 1207 517 1280 lividtnn
530 1234 540 1294 ;
554 1207 657 1278 nulla
677 1221 801 1280 tamen
813 1209 910 1304 rima,
920 1208 1058 1283 fissum.
1072 1198 1221 1286 Menin-

220 1324 385 1425 ges,sub
403 1315 542 1423 quibus
563 1343 743 1423 conpos,
769 1339 832 1397 aut
850 1329 1020 1426 sangnis,
1038 1331 1101 1402 sed
1123 1349 1221 1430 aqua

221 1441 337 1515 effusa
360 1447 458 1531 erat‘,
478 1467 552 1542 qua
570 1457 674 1540 parte
694 1441 976 1540 respondebant
995 1447 1108 1519 livido
1127 1453 1223 1539 ossi,

219 1563 306 1660 ipsae
319 1577 474 1659 quoque
487 1585 532 1633 ex
546 1545 728 1632 subviridi
742 1557 916 1633 livebann
940 1565 998 1636 Sic
1016 1591 1061 1638 eo
1075 1573 1228 1640 tanlnm'

218 1677 305 1750 loco
321 1677 563 1750 etcerebrum
579 1679 697 1750 livore
713 1675 890 1752 allectum
910 1696 1004 1770 erat,
1019 1669 1095 1753 non
1113 1685 1223 1758 altius

218 1803 344 1868 tomen
365 1795 637 1880 descendente,
657 1821 768 1893 quarn
788 1794 834 1867 ad
846 1797 982 1896 digitos
997 1799 1102 1872 dnos'.
1114 1795 1225 1876 Fetor

221 1939 307 1986 curn
320 1914 495 1999 aliarum,
509 1927 550 1984 ut
564 1913 659 2002 dixi,
672 1913 854 2012 partium,
877 1929 959 1986 tum
975 1916 1109 1989 lrarnm
1130 1935 1224 2020 prte-

223 2033 367 2120 scrtim,
383 2047 463 2104 erut
481 2033 612 2130 gratis.

274 2150 305 2222 3.
325 2149 406 2221 viri
420 2153 486 2248 qni
496 2150 636 2249 pariter
650 2173 693 2220 ex
708 2148 783 2220 alto
799 2149 1005 2238 ceciderat,
1025 2159 1138 2250 caput
1151 2179 1226 2226 mes

224 2269 317 2340 mini
327 2266 437 2340 luisse
448 2268 492 2338 od
506 2267 722 2340 meallatum
733 2291 833 2338 anno
848 2265 1225 2364 1722.Calvariac‘unt

224 2401 322 2460 esset
342 2399 411 2457 nec
431 2382 563 2474 fracta,
589 2409 660 2456 nec
678 2382 785 2472 lissa,
807 2381 883 2456 fere
901 2385 1071 2457 eamdem
1099 2404 1225 2461 tamen

224 2519 261 2578 ot
281 2505 524 2600 meningum,
550 2515 588 2574 et
602 2501 747 2574 cerebri
772 2502 852 2600 ipsa
879 2517 1032 2602 quoqne
1056 2497 1227 2579 exhibuit

224 2621 542 2696 constitutionem.
655 2648 657 2657 ·

245 2789 248 2796 ι
274 2746 307 2830 A.
328 2741 478 2811 Femina
491 2737 741 2838 paupercula,
759 2735 1000 2836 subpinguis,
1024 2749 1069 2811 εἴ
1094 2739 1227 2814 dolote

111 2877 115 2888 ’
228 2857 368 2944 amissi,
388 2871 474 2928 cum
488 2857 567 2954 ips'a
578 2857 709 2952 junior
729 2856 838 2926 eliani
858 2870 1066 2944 tumesset,
1084 2854 1228 2950 mariti,

228 2993 356 3047 aurens
372 2973 482 3060 lacta,
498 2991 518 3044 'a
536 2973 664 3070 paucis
685 2973 794 3044 tinnis
814 2974 864 3044 ita
883 2989 953 3070 per
970 2973 1103 3046 urbeni
1122 2961 1235 3079 vaga?

228 3091 360 3180 hatur,
389 3105 431 3162 nt
451 3091 594 3160 nemini
620 3087 773 3187 quidem
800 3099 970 3176 noceret,
1002 3089 1067 3162 sed
1088 3090 1230 3190 impio·
1305 3096 1308 3104 ’

229 3209 366 3284 borum
380 3208 528 3305 injuriis
545 3208 623 3305 ipsa
640 3211 970 3302 essetopporlnna.
993 3206 1122 3304 Itaque
1138 3223 1230 3306 p'rae*

230 3345 403 3426 terquam
438 3324 541 3424 quod
569 3339 655 3396 ante
683 3311 828 3418 aliquot
860 3337 1007 3394 menses
1041 3327 1231 3422 peperisse¹

230 3442 443 3534 dicebatur,
464 3445 664 3515 novissime
687 3466 707 3511 a
725 3437 883 3512 scelesto
902 3435 1067 3536 quodam
1086 3435 1232 3517 adoles·

233 3563 386 3638 centulo
416 3563 497 3658 elus
516 3575 628 3658 caput
649 3557 770 3630 ferreo
791 3555 940 3656 pessulo
957 3559 1072 3630 ictum
1090 3557 1231 3648 fuerat,

233 3703 321 3756 cum
342 3661 509 3766 decimo,
522 3705 568 3749 an
584 3675 786 3749 undecimo
803 3676 850 3747 ab
870 3679 945 3748 ictu
965 3675 1042 3766 die,
1058 3696 1135 3749 non
1152 3677 1232 3752 sinc

234 3801 409 3874 concussi
427 3797 572 3870 cerebri
589 3795 754 3888 indiciis,
781 3795 819 3878 in
837 3795 1059 3866 nosocomio
1085 3812 1250 3883 mortua,

234 3935 299 3990 est.
323 3917 508 3988 Cadavere
526 3915 564 3982 in
589 3913 830 4010 gymnasium·
847 3909 1027 4010 postridie
1044 3909 1169 4002 illato,
1192 3927 1235 3986 ut
1256 3915 1259 3921 ’

233 4051 320 4107 ante
331 4032 510 4107 februarii
527 4028 642 4100 finem
662 4043 863 4106 anatomen
880 4028 1111 4102 absolverem
1133 4043 1234 4104 anno

1024 4145 1088 4218 26*
1195 4198 1273 4236 =,
