2812 4656
156 479 223 526 tm.
240 475 508 525 1v.·ozuoa1³1s
525 475 721 541 cainone„
738 467 808 525 ete.
826 479 938 526 amsa.
955 480 987 526 1..
1016 458 1082 530 281

92 607 193 667 tanto
216 589 379 681 facilius,
405 590 510 688 quod
533 605 731 680 tartareas,
757 591 969 689 lapideasve
999 619 1091 665 con-

90 713 289 800 cretiones,
325 710 416 799 sive,
444 725 498 782 ut,
516 710 643 781 Celsus
665 707 719 806 (1)
739 709 930 806 loquitur,
951 711 1091 808 lapillis

88 829 258 926 qooedam
274 826 412 900 similia
431 851 518 898 cum
537 827 600 898 alii
621 826 813 902 interdum
830 841 1000 900 tumores
1023 829 1089 900 ba·

86 945 193 1036 beot,
213 947 354 1045 utipse
374 945 512 1032 ‘docet3
539 943 832 1042 Sepulchretum
859 961 985 1018 autem
1012 972 1093 1021 sec·

87 1066 186 1136 tione
203 1065 275 1136 hac
294 1061 348 1161 (α)
366 1063 549 1151 ostendit,
569 1077 651 1134 tum
670 1063 897 1134 nominatim
913 1089 1091 1136 mamma·

88 1207 166 1256 rum
181 1197 371 1272 tumores;
391 1197 433 1253 ut
451 1182 491 1252 iu
508 1181 623 1252 vidua
642 1179 688 1251 de
706 1205 781 1278 qua
797 1197 924 1254 narrat
939 1182 985 1253 cl.
1005 1187 1091 1254 Bas-

89 1303 159 1375 sius
174 1299 229 1390 (3)
249 1300 396 1372 inclusa
417 1299 463 1370 iis
487 1323 650 1396 corpora
671 1305 805 1371 attrito
832 1314 871 1370 et
900 1300 1092 1372 collisione

88 1434 212 1492 mutua
230 1423 524 1490 sonituminstor
533 1416 751 1518 lapillorum
764 1417 929 1505 ederent,
946 1443 1091 1516 nosque
1110 1487 1111 1490 ,

89 1537 155 1634 ipsi
171 1538 210 1608 in
224 1537 309 1608 viro
326 1536 521 1606 materiam
540 1533 682 1606 duratae
694 1535 813 1606 instar
831 1530 942 1608 calcis
962 1535 1095 1607 videri·

90 1658 301 1727 muctam
324 1652 580 1724 masculorum
608 1677 763 1751 quoque
794 1653 967 1725 mamillae
994 1678 1094 1724 non·
1129 1655 1155 1717 '.
1209 1659 1221 1693 '-

91 1794 281 1869 nunquam
300 1769 403 1842 baud
423 1793 529 1844 secus
545 1793 589 1842 ac
606 1767 849 1859 feminarum,
868 1771 908 1841 in
928 1787 1094 1842 tumores

92 1902 330 1978 excrescunt,
364 1912 529 1984 quorum
561 1913 683 1958 unum
716 1885 948 1986 descriptum
973 1888 1095 1986 legia

94 2006 218 2079 Bidloo
232 2005 306 2104 (4),
325 2029 395 2078 nec
409 2005 480 2078 sibi
500 2005 573 2104 ipsi
593 2005 780 2102 ejusmodi
793 2003 1095 2078 observationem

94 2123 213 2199 deesse
236 2139 397 2197 testatur
420 2127 452 2196 is
483 2125 549 2222 qui
582 2123 757 2195 Bidloum
785 2121 926 2212 laudat,
952 2125 1097 2196 Heiste--

94 2267 152 2316 rus
161 2239 231 2342 (5),
242 2244 430 2342 aliamque
441 2241 587 2314 addidit
601 2242 645 2314 cl.
656 2247 675 2313 J
677 2267 711 2313 o.
722 2247 829 2315 Mart.
841 2237 1094 2341 Wolffius(6);

95 2387 159 2460 ego
170 2388 260 2436 vero
274 2361 380 2434 bunc
393 2360 572 2433 morbum
590 2361 705 2433 semel
717 2362 758 2431 in
772 2357 924 2434 aurifice
939 2359 1096 2432 inchoa-

95 2493 170 2552 tum
192 2481 297 2569 ¹vidi,
325 2482 386 2552 cui
419 2479 515 2550 nihil
540 2505 645 2578 aeque
675 2475 818 2577 profuit
844 2503 887 2550 ac
918 2479 1099 2553 diuturna

95 2595 234 2670 brachii
248 2599 331 2695 ejue
350 2599 476 2670 lateris
496 2600 604 2696 quies
624 2623 645 2668 a
660 2623 721 2670 me
737 2599 944 2696 imperata,
962 2599 1098 2669 iterum

98 2731 215 2790 autem
243 2717 322 2814 jam
358 2713 591 2815 perfectum,
609 2715 689 2788 ·sed
723 2717 978 2790 continentem
1018 2741 1101 2788 eam

98 2857 203 2930 quam
222 2834 339 2906 modo
356 2832 587 2922 indicabam,
607 2835 818 2922 materiam:
836 2859 972 2932 resque
989 2835 1040 2908 ita
1060 2859 1098 2910 se
1176 2919 1179 2926 .

99 2947 232 3022 habuit.

143 3065 197 3156 45.
226 3069 319 3140 Viro
346 3067 459 3140 docto
487 3083 524 3140 et
554 3092 756 3166 generoso,
784 3081 966 3139 matronae
1000 3067 1101 3139 illius

99 3180 199 3275 filio,
236 3187 344 3283 cujus
371 3184 441 3258 tibi
474 3201 513 3258 et
543 3185 716 3273 morbos,
754 3198 791 3258 et
835 3178 1100 3258 dissectioriem

97 3400 260 3416 m

139 3531 179 3612 (ι)
199 3539 244 3594 De
260 3537 339 3595 med.
356 3539 376 3592 l.
392 3555 429 3607 7,
445 3555 473 3593 c.
487 3536 516 3593 6.

138 3632 181 3712 (a)
200 3635 553 3710 Oba.,15,.§,li,etobs.
572 3639 647 3708 17,§
663 3654 689 3692 1.
783 3629 784 3634 '

140 3732 183 3811 (3)
201 3737 273 3792 Dec.
287 3755 316 3808 a,
339 3737 404 3792 obs.
421 3736 450 3792 6.

171 3834 184 3910 )
203 3837 274 3892 Dec.
291 3855 323 3907 a,
337 3835 457 3892 exercit.
473 3833 551 3892 anat.
565 3835 640 3891 chir.
656 3831 683 3890 ὅ.

173 3934 185 4010 )
204 3935 302 3992 Instit.
316 3933 391 3994 chir.
408 3956 440 4012 p.
457 3956 483 4008 1,
495 3937 516 3992 l.
534 3944 568 4008 4,
583 3955 609 3994 c.
627 3937 673 4008 17,
687 3953 717 3988 n.
731 3933 760 3989 3.

143 4031 156 4110 (
174 4033 185 4111 J
205 4036 650 4112 Commerc.Litter.an.17la,
665 4031 756 4093 hebd.
770 4037 820 4104 44,
835 4050 865 4088 u.
879 4049 908 4088 2.
