2854 4660
89 3932 94 3941 ’
148 3981 161 4048 t

296 375 367 472 3¹20
401 435 405 444 .
461 399 508 444 mi
532 395 749 446 ,sunmusnr
767 397 1137 448 eausrsuonsonunr

296 514 381 586 dem
406 527 563 610 propter
588 513 845 610 cartilagineas
861 529 996 611 :partes
1014 513 1221 586 inambitu
1243 515 1308 588 hio

197 619 208 626 i
295 631 371 701 illic
391 632 505 702 osseis
525 631 761 724 interjectas,
781 635 819 700 iu
836 635 961 729 primo
976 633 1172 706 autemob
1202 659 1309 716 eum·

186 801 189 811 ·
297 749 383 822 dem
416 747 601 818 ambitum
637 749 791 819 cariosis
825 749 1244 849 ulceribumpluribus
1269 754 1308 822 in

184 865 189 874 ¹
296 867 467 964 partibus
497 868 764 963 interruptum.
795 867 867 938 Sed
899 866 1217 960 hacteuus-hae03
1251 870 1311 942 vel

297 985 407 1084 plura
428 986 528 1056 enim
549 986 738 1082 attigimus
766 1009 880 1080 quam
908 1009 1005 1082 opus
1033 987 1100 1074 sit,
1130 1003 1174 1058 ut
1196 990 1312 1084 eujus

201 1181 202 1186 ἵ
298 1118 395 1174 esset
414 1103 577 1200 generis,
595 1117 632 1173 et
648 1101 750 1174 unde
773 1100 868 1172 facta
892 1099 955 1172 illa
986 1105 1169 1176 exostosis
1198 1105 1312 1176 intel·
1408 1111 1409 1116 ’

297 1219 413 1317 ligas,
443 1245 529 1316 quae
545 1244 565 1290 a
583 1219 694 1290 nobis
707 1221 746 1288 in
762 1243 807 1290 eo
828 1219 875 1296 de
888 1245 966 1315 quo
978 1223 1162 1318 protinus
1182 1246 1311 1294 sermo

300 1335 383 1424 fiet,
421 1352 622 1436 conspecta
650 1353 731 1427 est,
770 1353 807 1410 et
827 1363 902 1436 per
930 1338 1197 1410 dissectiouem
1226 1364 1313 1437 per-

299 1456 465 1528 lustrata.

351 1574 409 1644 60.
428 1574 509 1644 Viri
528 1597 650 1645 anuos
665 1574 744 1644 nati
766 1572 813 1644 ad
838 1573 1014 1670 triginta,
1039 1571 1087 1644 de
1107 1597 1187 1669 quo
1219 1573 1313 1645 nihii

303 1691 405 1762 aliud
419 1691 639 1780 constabat,
664 1692 738 1764 nisi
757 1676 953 1787 apoplexia
970 1688 1083 1762 fuisse
1096 1690 1313 1776 sublatum,

303 1809 458 1882 artubus
475 1811 515 1880 in
533 1809 768 1908 gymnasium
788 1807 899 1878 illatis
917 1832 1004 1878 cum
1028 1807 1083 1878 ibi
1106 1822 1314 1882 anatomen

302 1927 479 2002 docerem
493 1929 669 2025 januario
687 1951 816 2008 mense
833 1928 924 1996 anni
951 1926 1064 2022 1732,
1086 1925 1313 2001 extuberan-

301 2049 353 2120 tia
362 2049 401 2117 in
415 2048 553 2136 sinistri
563 2044 716 2116 femoris
725 2068 806 2116 osse
816 2022 999 2132 occurrit,
1009 2039 1314 2142 sphaeroidisfor-

304 2193 381 2252 ma,
408 2166 513 2263 pomi
530 2179 666 2234 autem
701 2162 908 2250 mediocris
918 2218 923 2228 ,
941 2162 1216 2259 magnitudine.
1248 2169 1315 2236 Ex-

305 2284 423 2358 stabat
446 2283 525 2354 haee
548 2282 675 2380 aliquo
706 2305 818 2378 supra
835 2277 1014 2352 inferiora
1030 2281 1112 2375 ejus
1141 2283 1238 2354 ossis
1257 2308 1313 2356 ca-

304 2406 381 2503 pita
398 2399 613 2488 intervallo,
633 2396 761 2470 afacie
785 2400 1007 2496 posteriore.
1032 2403 1145 2470 Serra
1161 2425 1227 2488 os,
1259 2403 1313 2499 ip-

306 2543 461 2616 samque
482 2516 689 2616 secundum
713 2515 989 2613 longitudinem
1008 2515 1212 2591 dissectam
1232 2543 1315 2592 cum

306 2639 549 2736 inspicerem,
571 2660 652 2706 eam
669 2634 824 2732 quidem
842 2660 886 2704 ex
905 2635 1183 2708 osseiscellulis
1202 2643 1315 2710 cotis-

306 2770 447 2827 tantem
463 2754 556 2842 vidi,
577 2752 779 2824 medullari
798 2751 883 2822 oleo
898 2751 1064 2850 liquido,
1082 2769 1117 2826 et
1128 2751 1229 2826 flavo
1247 2767 1317 2828 se'a·

307 2853 490 2960 tentibus,
520 2873 612 2942 ossis
632 2884 758 2940 autem
787 2893 920 2941 cavum
941 2869 1047 2967 quod
1071 2871 1317 2944 exturberau·

300 2975 371 3086 'tiae
386 2991 438 3060 ilii
452 2989 729 3088 respondebat,
751 2988 891 3084 majori·
911 2989 1019 3084 copia
1037 2985 1223 3062 retentum
1244 2991 1316 3062 olei

309 3107 592 3206 ejusdemmodi.
624 3107 741 3202 Cujus
768 3105 973 3200 utrobique
1002 3099 1258 3194 tlavedinem‚²
1283 3123 1318 3180 et

307 3225 557 3322 liquiditatem
588 3223 830 3294 adnotatione
866 3221 1018 3318 dignam
1045 3219 1205 3300 faciebat
1238 3249 1317 3296 me·

310 3342 413 3412 dulla
430 3345 468 3411 in
488 3341 665 3412 ulteriore
695 3340 788 3410 ossis
818 3361 910 3412 cavo
934 3338 1170 3427 subrubeus,
1204 3356 1317 3438 atque

311 3475 507 3546 conereta3
539 3455 1193 3555 augebatqueadnotandi-causam
1223 3475 1315 3528 tem-

311 3593 434 3677 pestas
462 3574 689 3674 praefrigida,
716 3600 791 3671 qua
821 3599 906 3644 cum
944 3590 1075 3646 catera
1108 3577 1316 3674 conglacia-

167 3791 180 3810 ,
229 3769 231 3773 ,
311 3709 419 3782 rent,
443 3718 529 3792 pars
552 3691 615 3762 illa
645 3694 718 3763 olei
744 3718 791 3764 ne
816 3694 1016 3762 minimum
1047 3693 1202 3791 quidem
1228 3719 1315 3765 con·

313 3813 498 3884 crevisset.
537 3858 542 3864 -

361 3929 418 4002 61.
442 3929 600 4002 Mutatio
616 3929 684 3998 ista
702 3923 918 3999 medullaris
928 3928 1003 4002 olei
1019 3929 1059 4002 in
1076 3879 1238 4004 exosto'si
1248 3981 1259 4018 ,
1277 3942 1314 3999 et
