2854 4660
268 387 339 462 358
432 410 478 454 ne
504 407 650 456 snoisus
675 407 718 456 rr
744 405 868 456 crusis
894 408 1105 458 uonsonuu

273 524 400 599 dinem
416 520 541 595 adhue
554 517 765 592 referentia.
777 521 877 611 Quid
891 523 947 596 tsi
959 527 1059 621 aegrd
1072 524 1285 612 moriente,

272 641 434 720 necdum
452 639 528 710 ulla
549 655 672 712 essent
694 664 775 734 quae
795 663 866 738 pus
894 639 1034 712 habere
1053 642 1284 740 inciperent.

272 760 432 833 Videtur
445 773 568 830 autern
585 757 793 830 secundum
807 783 869 830 eas
880 757 1184 846 observationes,
1202 763 1287 858 qui·

197 862 205 870 ’
272 880 456 965 boscum,
473 891 514 948 ut
532 891 646 974 puto,
661 874 858 946 Molinellii
872 877 1053 975 conjungi
1071 894 1200 975 potest
1218 879 1286 952 ob·

276 998 454 1082 sertatim
480 988 553 1094 pus
569 994 609 1066 in
625 995 767 1066 viscera
786 978 938 1066 aliunde
960 999 1176 1085 invectum,
1208 1022 1288 1069 non

276 1117 386 1214 puris
403 1111 523 1184 forma
543 1136 691 1209 semper
705 1111 870 1210 deponi,
905 1111 970 1183 sed
985 1111 1087 1184 haud
1111 1137 1200 1184 raro
1219 1115 1292 1186 sal-

195 1255 203 1260 ‘
275 1251 350 1306 tem
363 1230 567 1304 nonnullas
580 1231 661 1326 ejus
679 1230 880 1328 particulas
896 1255 984 1302 cum
997 1234 1184 1329 sanguine
1202 1257 1291 1330 per·

180 1422 183 1426 .
275 1355 422 1440 mistas,
448 1367 484 1421 et
510 1372 665 1446 prorsus
689 1348 911 1444 disjunctas,
942 1349 982 1418 in
1000 1353 1185 1448 angustiis
1207 1351 1292 1448 qui·

275 1468 458 1554 busdam,
478 1463 631 1537 fortasse
662 1464 925 1564 glandularum
946 1465 1290 1564 lymphaticarum‚

278 1587 445 1672 baerere,
476 1608 632 1681 easque,
659 1599 701 1655 ut
730 1585 768 1653 in
799 1606 1048 1655 venereorum
1083 1585 1293 1658 bubonum

278 1703 530 1804 productione
545 1699 600 1789 fit,
615 1701 869 1788 obstruendo,
880 1703 1152 1792 antirritando,
1164 1729 1294 1802 eoque

279 1821 461 1895 humores
490 1821 743 1919 praeterituros
771 1819 970 1890 retinendo
995 1819 1238 1911 distendere,
1259 1838 1293 1893 et

281 1939 403 2012 multo
417 1940 639 2037 copiosioris
656 1962 769 2036 quam
789 1938 894 2036 quod
910 1938 1108 2010 advectum
1130 1957 1208 2030 est,
1229 1967 1295 2039 pu·

281 2061 332 2130 ris
343 2045 624 2157 generationi,a
640 2056 829 2154 rigoribus
846 2056 937 2144 illis,
954 2057 1294 2154 ethorroribus(t)

285 2175 499 2274 significatae
511 2230 522 2262 ,
541 2196 689 2245 oausam
712 2173 892 2270 praebere.
925 2177 1007 2264 Qua
1033 2177 1182 2247 ratione
1200 2175 1294 2247 illud

285 2320 440 2392 quoque
458 2292 697 2392 intelligitur,
722 2291 917 2389 quomodo
936 2293 1056 2364 multo
1077 2293 1164 2392 plus
1190 2295 1295 2392 puris

286 2416 324 2482 in
341 2411 563 2498 visceribus,
583 2425 619 2481 et
634 2411 754 2482 caveis
773 2412 945 2509 corporis
963 2436 1060 2509 saepe
1082 2412 1295 2510 deprehen·

286 2531 419 2618 datur,
449 2554 561 2627 quam
589 2528 782 2599 modicum
808 2529 947 2601 vulnus
972 2529 1062 2600 dare
1099 2533 1294 2628 potuisset.

286 2652 372 2738 Quo
390 2662 514 2718 autem
533 2646 648 2716 modo
665 2671 744 2716 non
756 2671 883 2744 paucae
901 2648 1021 2720 solum
1035 2702 1045 2735 ,
1058 2647 1122 2722 sed
1133 2665 1172 2720 et
1182 2675 1294 2746 quarn

287 2766 457 2864 plurimae
473 2763 664 2834 interdum
683 2765 894 2862 purulentae
910 2759 1199 2864 particulaenon
1220 2783 1295 2839 tan·

195 2947 203 2960 ,
287 2902 369 2956 tum
391 2909 435 2954 ex
458 2884 610 2980 capitis,
631 2881 695 2954 sed
714 2897 750 2952 et
768 2885 930 2981 partium
942 2935 944 2942 ,
958 2883 1116 2954 aliarum
1134 2860 1295 2956 'vulneri

287 3000 608 3091 bus,ulceribus,
634 3000 868 3074 abscessibus
902 3001 975 3072 alio
1009 3018 1225 3091 transeant,
1255 3021 1295 3073 ut

287 3147 373 3210 curn
398 3145 442 3190 ex
458 3119 744 3219 pleuriticorum
771 3120 1036 3218 pulmonibus,
1072 3122 1160 3222 imo
1173 3147 1220 3192 ex
1237 3117 1293 3192 ¹nr-

288 3241 400 3313 tubus
438 3235 652 3337 suppuratis
674 3239 721 3309 ad
747 3241 1032 3328 intestinorum,
1063 3255 1129 3310 out
1158 3265 1292 3312 renum

287 3361 365 3430 vias
378 3382 449 3456 pus
468 3363 744 3454 nonnunquam
759 3371 835 3428 tam
844 3355 1042 3428 manifesto
1061 3357 1293 3442 traducitur,

289 3492 331 3547 ut
348 3473 491 3547 tamdiu
515 3473 637 3570 faeces,
658 3489 694 3544 et
718 3475 1063 3575 urinatpurulentae
1084 3475 1181 3559 sint,
1208 3497 1290 3545 cum

267 3582 272 3593 “
291 3621 336 3666 ex
348 3591 502 3665 artubus
525 3592 619 3662 nihil
632 3589 777 3679 effluit,
792 3608 828 3663 et
854 3594 1015 3678 vicissim
1031 3591 1178 3663 tamdiu
1199 3615 1291 3690 pura

291 3812 449 3830 w

329 3969 373 4046 (ι)
394 3973 491 4044 Supra
504 3990 534 4024 n.
553 3989 603 4040 17,
620 3989 655 4044 19
668 3979 696 4024 et
709 3988 770 4024 20.v
