2946 4662
255 351 319 433 cri.
333 391 381 435 iv.
398 391 443 436 ur
460 388 595 447 tronus
609 387 803 449 cursuro,
820 380 887 436 etc.
910 389 1020 435 urrsr.
1032 367 1119 434 cru(
1139 360 1211 434 503

204 500 319 575 modo
339 503 415 575 sive
436 517 600 598 utroque
621 501 799 598 accipias,
821 503 917 582 sicut
937 503 969 570 is
1000 503 1097 576 risus
1129 526 1209 588 non
1247 491 1250 496 ’

204 635 405 716 propterea
422 620 509 717 quia
524 643 604 707 nou
615 620 653 688 iu
672 621 817 690 cunctis
830 619 1209 716 diaphragmatisvul-

203 735 359 810 neribus
385 739 570 826 occurrit,
600 737 879 822 commentitius
903 751 978 824 est3
1006 739 1058 810 sic
1084 762 1208 833 neque

205 851 398 942 delirium,
419 855 505 944 licet
523 880 602 944 pou
627 878 760 944 ornnes
780 852 1074 951 diaphragmatis
1093 857 1211 938 comi·

205 984 306 1042 tetur
332 971 655 1052 inflammationes.
689 971 800 1062 Quod
832 972 863 1048 si
898 971 1041 1058 pullam
1071 970 1211 1056 babere

205 1090 388 1160 rationem
414 1089 537 1187 placet
555 1104 707 1164 vetustae
731 1088 1024 1176 observationis3
1045 1104 1210 1176 attamen

205 1230 342 1303 negare
357 1233 435 1280 nou
448 1209 610 1307 poteris,
634 1205 901 1305 diaphragma,
920 1231 999 1304 quo
1016 1208 1210 1306 praecipuo

204 1323 347 1394 utimur
373 1326 420 1396 ad
443 1324 706 1422 respirandum
737 1326 1007 1413 instrumento,
1034 1350 1114 1398 nou
1128 1325 1213 1410 vul·

205 1454 378 1530 neretum
398 1443 533 1532 modo,
564 1441 628 1522 sed
653 1457 697 1518 et¹
712 1440 1004 1531 inflammatum,
1023 1457 1060 1516 et
1078 1467 1147 1518 suo
1166 1467 1211 1526 ez

205 1574 310 1654 parte
328 1559 378 1633 ob
398 1576 508 1648 costa
526 1560 694 1658 septimae
716 1555 920 1634 fracturam
940 1559 1117 1654 orbatum
1140 1557 1214 1634 ful·

188 1697 295 1764 cro,
311 1679 411 1759 inter
428 1702 557 1752 causas
580 1675 801 1762 difficillime
824 1679 929 1763 istius
955 1680 1213 1777 respirationis

204 1815 285 1866 csse
303 1795 489 1892 praecipue
505 1794 869 1882 connumerandum.

256 1934 288 2006 7.
309 1911 377 1982 Vir
394 1936 514 1998 anuos
542 1927 650 1985 natus
678 1911 826 1998 circiter
852 1911 1121 2012 quadraginta,
1145 1913 1212 2008 qui

206 2022 366 2102 venerea
386 2028 448 2100 lue
470 2028 536 2114 diu
552 2027 803 2116 laboraverat,
836 2051 904 2126 per
926 2030 1144 2102 saevissimos
1166 2030 1213 2111 ad

204 2144 383 2232 articulos
393 2144 564 2234 dolores,
581 2161 617 2221 et
627 2145 799 2250 *spirandi
810 2201 820 2232 ,
832 2147 873 2216 in
890 2169 1047 2230 ascensu
1058 2170 1212 2244 praeser·

207 2265 295 2351 tim,
315 2261 574 2345 difficultatem
600 2279 825 2362 torquente,
849 2287 935 2346 cum
966 2289 1011 2346 ex
1033 2265 1212 2338 altissimo

207 2379 316 2466 loco,
336 2380 383 2468 ad
402 2407 517 2479 quem
534 2381 708 2468 videlicet
726 2407 796 2480 per
812 2383 948 2468 scalam
964 2380 1212 2480 quadraginta

204 2499 390 2596 graduum
412 2483 704 2588 ascendebatur,
730 2501 770 2572 in
801 2516 939 2572 terram
962 2501 1115 2586 ruisset,
1136 2503 1213 2598 pri-

207 2642 313 2690 mum
349 2617 502 2716 quidem
530 2619 708 2702 auxilium
735 2617 980 2716 implorabat,
1010 2619 1076 2690 sed
1101 2619 1214 2716 paulo

209 2751 294 2831 post
313 2735 420 2834 loqui
440 2735 600 2836 amplius
612 2761 692 2808 non
711 2751 878 2834 poterat,
900 2750 937 2808 et
960 2736 1074 2807 celeri
1092 2751 1214 2810 morte

211 2837 477 2951 occupabatur.
511 2859 554 2926 In
590 2868 722 2926 ventre
747 2869 783 2928 et
810 2855 931 2952 capite
960 2852 1057 2924 nihil
1084 2869 1218 2951 practer

210 2985 381 3055 naturam
398 2967 479 3044 fuit.
500 2969 572 3042 Sed
590 2971 744 3042 thorace
767 2987 900 3068 aperto
920 2993 1034 3042 omne
1052 2972 1216 3068 pericar-

210 3088 262 3163 dii
289 3111 421 3158 cavum
446 3089 641 3162 inventurn
664 3101 719 3160 est
739 3088 896 3185 plenum
923 3101 1103 3158 concreto
1132 3112 1217 3159 san·

211 3205 347 3306 guiue:
371 3205 501 3303 quiex
523 3228 658 3300 magua
674 3206 812 3276 arteria
823 3227 944 3304 prope
963 3228 1030 3274 cor
1049 3206 1218 3302 erupisse

211 3321 418 3406 videbatur.
439 3325 533 3394 Nam
561 3321 774 3421 specillum,
798 3325 1029 3398 extrinsecus
1053 3321 1138 3394 illac
1149 3325 1219 3404 iui-

210 3440 386 3528 missum,
405 3439 505 3512 intra
524 3439 625 3512 illius
654 3463 784 3512 cavum
800 3442 920 3524 visum
933 3455 988 3524 est
1005 3440 1215 3538 pervenire.

263 3557 295 3628 8.
317 3562 461 3629 Venam
482 3583 526 3631 ex
547 3583 635 3631 casu
654 3558 702 3630 ab
721 3559 797 3631 alto
817 3562 854 3631 iu
866 3575 997 3631 ventre
1007 3557 1218 3655 disruptam
1276 3649 1279 3658 ,

213 3675 436 3774 agnovit,ut
451 3675 609 3776 alias(r)
629 3677 722 3760 adte
741 3676 928 3765 scribam,
948 3673 1216 3773 ipseValsalva.
1329 3759 1332 3764 Ι

255 3914 299 3992 (ι)
320 3915 415 3992 spat.
434 3916 488 3992 sa,
505 3869 536 3976 s.
553 3869 598 3976 1⁸ss
683 3871 687 3874 ’
