2854 4660
309 401 381 478 318
475 423 522 474 ns
546 416 910 474 remanseramus
934 423 1148 473 nonnanis

308 538 463 634 injurias
483 551 569 608 ante
588 536 818 608 exustosinm
840 535 1133 634 productionem
1149 557 1318 646 persaepe

309 669 457 732 constat
480 652 683 740 accidisse,
711 652 749 724 id
782 677 898 726 omne
926 654 985 726 his
1015 679 1126 754 posse
1150 657 1321 755 praebere

309 772 521 873 originem:
554 793 638 867 quae
671 771 987 868 experientissimi
1023 774 1094 842 viri
1130 775 1320 846 sententia

308 891 429 986 majus
456 887 653 986 aliquanto
678 885 781 985 apud
806 901 844 961 te
870 887 1022 986 pondus
1051 889 1231 963 habitura
1250 907 1320 978 est,

246 1025 249 1036 '
305 1006 373 1088 ubi
387 1007 658 1078 commentaria
674 1029 758 1104 quae
774 1019 883 1078 antea
896 1008 1069 1106 scripsit,
1095 1007 1321 1106 perlegeris,

306 1125 445 1204 ossium
466 1122 777 1222 productionem.
796 1137 834 1196 et
852 1125 1129 1222 reparationem
1145 1151 1166 1196 e
1181 1127 1321 1224 perios·
1410 1165 1411 1180 ι

174 1275 178 1284 ·
305 1259 370 1318 teo
396 1241 632 1316 deducentia.
655 1241 842 1332 Quoniam
867 1255 995 1314 tanren
1024 1241 1162 1342 neque'
1180 1243 1322 1316 doeunt

308 1363 375 1459 qui
391 1360 626 1438 adversantia
642 1375 840 1458 opponant
854 1361 1132 1458 experimenta,
1158 1376 1197 1433 et
1222 1361 1322 1460 ipre,

300 1493 351 1554 *ut
386 1478 613 1576 prudentem
648 1475 758 1550 decet
791 1475 1096 1565 observatorem,
1135 1495 1256 1576 negat
1286 1499 1322 1551 se

308 1595 540 1674 contendere
570 1609 771 1668 exustoses'
787 1613 921 1666 omnes
937 1619 961 1664 a
985 1597 1164 1693 periossei
1179 1595 1321 1687 morbo

307 1712 437 1812 aliquo
450 1713 671 1810 provenire3
693 1713 723 1782 si
743 1733 806 1784 eas
824 1713 1064 1812 excipiendas
1084 1735 1167 1784 esse
1188 1714 1321 1786 credas

307 1817 511 1929 inquibus
542 1827 752 1902 secundum
784 1827 943 1902 alterum
972 1829 1128 1902 modum
1157 1853 1182 1902 n
1210 1835 1320 1903 Boer-

306 1947 440 2026 naevio
457 1963 728 2035 memoratum,
749 1949 843 2020 ossis
867 1949 988 2046 ipsius
1002 1943 1148 2018 laminae
1164 1971 1190 2018 a
1214 1947 1319 2022 lann-

306 2069 366 2144 nis
378 2067 622 2151 recesserint3
636 2089 715 2136 non
729 2061 836 2138 facile
854 2064 1041 2165 intelliges
1057 2089 1137 2164 qua
1147 2069 1318 2155 radone,

307 2209 394 2264 eum
426 2184 634 2256 durissimae
659 2185 748 2270 sint,
769 2195 806 2255 et
833 2182 1090 2282 rigidissimae,
1128 2182 1319 2260 dimoveri

307 2303 520 2402 potuerint,
544 2316 581 2375 et
595 2315 803 2378 extrorsum
825 2302 974 2398 urgeri,
990 2303 1161 2390 curvari,
1181 2327 1318 2401 expen-

307 2421 363 2509 di,
378 2443 564 2508 crescere;
575 2401 648 2492 ¹nisi
667 2420 697 2492 si
716 2423 854 2492 iterum
863 2417 1000 2492 molles
1015 2414 1132 2494 metas
1146 2443 1317 2509 censeam

307 2553 345 2612 et
361 2539 469 2636 quasi
489 2536 536 2608 ad
568 2534 795 2634 cartilaginis
821 2551 995 2608 naturam
1028 2538 1233 2635 pristinam
1260 2563 1318 2610 re·

307 2656 428 2728 diisse.
454 2655 570 2750 Cujus
584 2656 803 2727 mutationis
822 2667 968 2726 exstant
979 2678 1068 2730 sane
1086 2655 1127 2725 in
1144 2655 1318 2728 medien-

306 2797 392 2844 rum
401 2771 508 2844 libris
519 2771 717 2868 complure
731 2771 917 2870 exempla,
929 2789 1183 2868 quorumnam
1197 2796 1318 2872 paura

306 2890 469 2966 iudicata
492 2888 637 2964 videbis
654 2888 702 2961 ab
722 2889 975 2962 eruditissimo
1004 2889 1156 2964 Bellero
1175 2892 1260 2988 (1);
1283 2906 1319 2964 et

273 3021 275 3024 ’
306 3033 354 3084 ne
374 3033 395 3078 a
418 3031 530 3106 supra
550 3008 855 3080 commemoratis
873 3006 1203 3080 observationibus
1232 3009 1315 3081 len-

305 3127 392 3225 gius
402 3125 599 3212 abeamusss
620 3108 1318 3222 'rutpiusquoque(2)ossaviditadre

306 3261 433 3316 tenera
447 3297 458 3330 ,
468 3241 663 3341 floccida,
681 3241 888 3328 tremellio,
909 3247 1203 3318 ut'r'anatareeroe
1224 3241 1317 3315 seul⁴

297 3360 404 3459 pello
436 3359 627 3452 facillime
668 3357 974 3452 conciderentur,
1008 3375 1051 3432 et
1076 3359 1235 3434 llichins
1258 3361 1315 3456 (3)

298 3478 470 3584 ¹emollita
495 3477 656 3566 invenit,
676 3491 718 3548 ut
744 3477 845 3548 illam
868 3479 1069 3550 exostosim
1089 3501 1161 3576 pro
1187 3481 1312 3577 specie

1012 3660 1309 3683 ...ιι-,ιι-

343 3777 387 3855 (1)
408 3779 480 3833 Not.
493 3776 531 3847 h,
542 3777 581 3834 ad
592 3769 723 3834 Praeleet.
735 3775 842 3837 Boerh.
855 3779 887 3836 in
899 3777 997 3838 lastis.
1009 3781 1028 3850 3
1040 3787 1108 3848 lor.
1165 3829 1169 3836 .

344 3876 388 3954 (a)
406 3878 440 3940 C.
457 3876 507 3936 rit.
520 3890 610 3952 supra
624 3878 662 3937 ed
678 3897 708 3934 n.
723 3877 772 3936 56.

346 3975 389 4055 (3)
411 3977 467 4034 Cit.
483 3995 573 4051 supra
590 3978 629 4033 ad
643 3997 674 4032 n.
690 3975 737 4047 57.
