2828 4652
260 451 263 460 ·
313 411 379 482 108
473 433 523 480 nn
546 432 692 480 sumnus
717 433 762 479 nr
786 431 911 480 csusrs
937 429 1147 482 morinorum

269 539 273 546 ’
303 563 429 620 temen
445 561 504 633 ,et
517 547 741 618 nominatim
755 544 1134 644 Veslingii(1)iilam‚
1153 546 1323 644 quando

305 665 346 736 in
366 664 597 762 parturiente
609 662 751 762 pelvim
772 662 844 736 levi
857 663 1023 762 impulsu
1039 663 1170 735 cedere
1187 689 1235 735 ac
1251 691 1328 736 ua·

305 779 436 854 cillere
451 782 705 879 percipiebat,
726 781 866 851 ossibus
883 793 960 851 tam
972 781 1044 852 ¹„urb
1056 782 1181 879 pube,
1195 805 1319 878 quam

255 941 264 954 .‚
307 897 363 970 ad
376 898 497 970 latero
511 899 601 968 ossis
615 902 730 986 sacri,
736 895 891 994 pollicis
906 902 1098 970 minimum
1117 903 1244 998 spatio
1253 899 1325 970 ,di-

306 1015 445 1088 ductis:
463 1039 577 1113 quem
604 1014 764 1113 digitum
789 1015 991 1086 Santorino
1017 1015 1249 1114 (n)quoque
1267 1013 1325 1088 fe·

238 1147 246 1170 ⁸
307 1131 508 1206 cilefuitin
531 1130 748 1204 recentibus
760 1129 986 1229 quibusdam
1007 1156 1059 1231 pu
1082 1133 1204 1231 rperis
1218 1134 1323 1206 inter

306 1249 421 1348 pubis
433 1274 515 1323 ossa
533 1249 687 1322 indere:
709 1273 796 1322 cum
813 1249 931 1347 igitur
947 1265 1005 1322 tot
1025 1273 1089 1322 ers
1107 1265 1171 1322 ent
1185 1250 1319 1325 obser·

306 1369 495 1456 vationes,
523 1367 915 1466 praestatnecredere,
932 1369 973 1438 in
991 1371 1141 1440 cunctis
1160 1368 1321 1446 morbos

306 1483 392 1558 illos
410 1481 521 1558 fuisse
542 1484 794 1572 accusandos,
815 1487 1018 1582 presertim
1038 1509 1126 1556 cum
1143 1487 1213 1584 qui
1237 1487 1321 1560 illas

307 1603 557 1702 scripserunt,
576 1629 709 1676 eorum
720 1603 864 1676 nullam
873 1604 1105 1676 mentionem
1121 1603 1322 1700 injiciant?

306 1743 353 1792 an
367 1745 455 1792 cum
472 1719 641 1792 diductio
658 1745 724 1793 seu
736 1722 877 1818 major,
890 1746 957 1794 seu
964 1723 1092 1794 minor
1105 1745 1186 1792 non
1195 1722 1316 1794 modo

304 1861 384 1913 non
395 1838 582 1910 rarissima
591 1839 659 1927 sit,
673 1837 739 1911 sed
754 1835 954 1937 frequens,
969 1863 1211 1938 nequaquam
1222 1865 1319 1938 ,prae-

303 1970 363 2030 ter
379 1971 548 2046 naturam
562 1957 665 2029 esse?
681 1959 763 2028 lmo
781 1956 973 2054 inquibus
989 1954 1049 2046 fit,
1062 1958 1110 2032 ab
1126 1957 1197 2029 ha'c
1209 1955 1316 2048 fieri3

253 2137 256 2142 .
309 2072 353 2146 fit
371 2075 474 2146 enim
490 2074 648 2164 sensim,
668 2089 706 2146 et
731 2075 869 2146 sensim
896 2075 1059 2164 tollitur,
1076 2089 1113 2147 et
1139 2090 1316 2174 partum,

293 2191 434 2292 [quoad
456 2193 537 2288 ejus
557 2190 641 2266 fieri
657 2207 801 2292 potest,
816 2193 932 2290 juvat.
953 2193 1039 2266 Noli
1062 2195 1163 2265 enim
1188 2195 1314 2268 existi·
1406 2263 1407 2302 p

306 2335 432 2397 mare,
456 2309 629 2384 adhunc
654 2334 732 2383 esse
757 2310 889 2382 inutile
915 2311 955 2383 id
978 2310 1084 2408 quod
1109 2311 1226 2410 pelvis
1245 2335 1316 2384 an·

307 2430 447 2526 gustias
466 2425 686 2526 amplificam
705 2451 792 2498 nam
806 2451 898 2525 ,quae
922 2425 1169 2526 proferuntur
1196 2429 1318 2528 pelvis
1406 2515 1407 2532 ἢ

305 2543 582 2632 dimensiones,
600 2568 708 2642 quasi
697 2544 772 2624 ad
795 2542 907 2618 foetus
928 2547 1128 2618 transitum
1144 2548 1224 2619 sine
1239 2547 1318 2621 ulla

305 2663 446 2736 ossium
463 2661 683 2734 diductione
701 2661 919 2736 sufficerent
934 2679 1120 2763 ‚sumpta
1136 2661 1318 2738 videntur
1406 2661 1407 2668 '

306 2783 347 2850 in
361 2780 522 2868 scetem,
549 2804 635 2852 cum
660 2781 805 2853 mentio
829 2779 895 2854 fiat
927 2781 1032 2856 nulla
1058 2796 1114 2854 tot
1147 2783 1314 2880 partium

306 2922 390 2997 quae
408 2899 507 2970 inter
526 2898 629 2970 nuda
645 2898 710 2970 illa
726 2922 832 2988 ossa,
854 2913 891 2970 et
911 2912 1170 2972 transeuntem
1189 2899 1316 2972 infan-

305 3031 382 3089 tem
398 3030 486 3088 sunt
504 3016 733 3112 interjectae,
750 3031 787 3089 et
812 3042 860 3088 ne
881 3018 980 3090 uteri
1003 3015 1183 3116 quidem,
1206 3020 1314 3116 cujus

305 3150 398 3208 tunc
422 3133 595 3206 osculum
621 3133 693 3205 ad
699 3136 841 3233 vaginae
867 3133 1053 3210 orificium
1090 3135 1312 3208 descendit:
1406 3187 1407 3218 ;

304 3279 385 3352 quae
404 3267 528 3351 partes
553 3267 596 3323 ut
616 3252 657 3322 in
680 3252 810 3326 multis
827 3253 909 3326 illas
930 3253 1186 3326 dimensiones
1206 3252 1311 3326 haud

305 3372 392 3443 satis
406 3369 652 3459 imminuant3
672 3385 709 3442 at
724 3374 765 3441 in
784 3371 913 3443 multis
933 3385 1065 3443 contra
1083 3371 1312 3444 imminuere

304 3485 412 3560 valde
428 3501 599 3585 possunt.
623 3491 767 3562 Sensim
785 3503 911 3561 autern
926 3488 973 3560 ad
997 3488 1185 3574 laxitatem
1200 3490 1315 3586 junc-

304 3619 407 3678 turas
424 3607 464 3676 in
482 3603 541 3677 his
557 3602 732 3704 disponi,
763 3620 805 3678 ut
823 3629 911 3678 cum
929 3607 1053 3679 Pinaeo
1072 3608 1113 3680 in
1130 3606 1316 3682 Adversa-

346 3888 391 3968 (ι)
411 3890 505 3966 Epist.
523 3889 573 3946 25.

342 3989 387 4068 (a)
407 3991 479 4048 Obs.
497 4001 576 4048 anat.
595 4009 621 4046 c.
640 4007 685 4063 rr,
704 3993 721 4061 ς
739 3994 766 4056 4.
