2816 5282
310 353 385 457 ’544
417 419 420 428 ·
476 391 524 439 nr
549 389 695 438 snnrnus
720 387 765 438 ar
790 389 914 440 causis
939 391 1152 442 nonnosum

313 521 384 594 est,
404 505 434 577 si
452 529 531 575 non
547 501 675 590 stanti,
688 503 753 574 sed
763 505 903 601 jacenti
915 502 1029 578 fuerit
1047 509 1190 580 vulnus
1211 510 1322 584 inssic·

308 642 405 698 tum.
431 627 561 722 Neque
581 623 631 694 ita
654 617 752 692 raro¹
767 623 980 694 istiusmodi
1010 644 1228 699 occurrunt
1252 631 1323 700 vui

308 767 419 832 nera,
438 758 481 814 ut
499 756 663 838 quatuor
688 740 817 812 saltem
843 741 1106 839 exemplorum
1132 769 1216 815 non
1247 745 1322 817 me-

309 859 508 948 minerim,
525 882 608 955 quae
626 856 873 954 Sepulchreto
892 859 1013 955 possis
1030 861 1220 950 inserere,
1237 888 1321 962 pra·

308 995 367 1050 ter
376 1001 497 1048 unum
508 976 685 1048 Glissonii
694 974 712 1071 (
721 978 769 1066 ι),
786 973 889 1072 quod
901 974 948 1046 ab
960 977 1005 1046 iis
1018 979 1086 1074 qui
1099 979 1322 1076 Sepulchra·

308 1110 390 1167 tum
402 1090 671 1180 coniecerunt,
693 1107 731 1162 et
748 1090 997 1182 adauxerunt,
1015 1095 1179 1166 omnino
1209 1098 1322 1169 inseri

308 1211 511 1286 debuisset.
522 1210 688 1282 Primum
704 1223 762 1280 est
773 1208 1072 1305 Maucharti(a),
1090 1211 1195 1284 illius
1216 1214 1318 1311 quod

305 1355 418 1429 supra
428 1329 483 1427 (3)
504 1353 549 1400 ex
568 1327 737 1400 Valsalva
756 1327 938 1425 produxi,
952 1329 991 1398 in
1006 1353 1052 1400 eo
1063 1330 1190 1406 simile
1211 1333 1318 1430 quod

309 1449 462 1546 sanguis
482 1463 667 1544 quantum
686 1469 708 1516 e
724 1444 880 1516 thorace
905 1444 1224 1538 exhauriebatur,
1247 1465 1320 1522 tan·
1398 1487 1399 1492 =

259 1589 263 1600 ¹
308 1583 388 1638 tum
423 1587 492 1662 per
521 1561 815 1660 diaphragmatis
846 1562 985 1634 vulnus
1011 1567 1202 1636 continuo
1236 1567 1319 1638 illuc

307 1680 492 1754 influebat
511 1705 557 1750 ex
569 1696 711 1750 ventre.
726 1679 896 1752 Alterum
911 1683 1122 1778 Goetziim)
1140 1699 1211 1756 est.
1237 1689 1319 1756 Ter-

310 1803 404 1873 tium
420 1798 487 1870 cel.
501 1794 737 1893 Heisteri(5).
747 1798 920 1868 Kranneri
930 1798 985 1896 (6)
994 1813 1122 1872 autem
1139 1817 1200 1874 est
1210 1827 1318 1901 quar·

307 1935 400 1991 tum.
428 1921 474 1988 Et
493 1917 533 1985 in
553 1914 612 1986 his
636 1913 792 2012 quidem
818 1914 998 1988 omnibus
1025 1917 1167 1990 vulnus
1197 1921 1319 1992 etho·

307 2061 413 2123 race,
433 2059 547 2132 quern
570 2033 736 2132 primurn
756 2033 942 2122 subierat,
967 2059 1037 2133 per
1068 2035 1319 2136 diaphragma

304 2157 345 2226 in
362 2168 535 2224 ventrem
549 2150 798 2239 descendens,
804 2150 1187 2251 jecurperforaverat.
1198 2159 1315 2227 Porro

306 2271 356 2344 ob
374 2269 548 2344 eamdem
564 2293 647 2366 quae
663 2267 762 2341 dicta
772 2283 846 2359 est,
866 2267 1238 2361 conformationem,
1254 2297 1318 2371 po·

305 2391 526 2464 sitionemve
549 2385 863 2486 diaphragmatis,
881 2390 986 2460 etin
1011 2391 1233 2487 posteriora
1259 2390 1318 2462 de·
1397 2399 1398 2464 Q

293 2508 541 2593 ¹olivitatem,
574 2506 686 2576 etiam
715 2503 775 2590 fit,
800 2519 841 2577 ut
869 2506 903 2578 si
934 2505 1092 2578 vulnera
1133 2531 1318 2606 suprema

305 2623 519 2696 abdominis
537 2623 635 2719 parti
654 2623 849 2720 imposita,
864 2621 1021 2722 longius
1037 2641 1224 2723 pergant,
1242 2652 1316 2698 non

305 2743 446 2814 ventris
454 2739 696 2812 solummodo
706 2741 871 2829 viscera,
888 2741 954 2814 sed
973 2755 1010 2812 et
1027 2740 1200 2816 thoracis
1212 2745 1318 2818 simul

304 2885 391 2934 cum
410 2857 692 2955 diaphragmate
707 2859 936 2933 saucientur.
956 2863 1099 2931 Verum
1127 2861 1318 2958 ejusmodi

303 2977 462 3052 vulnera
478 3000 499 3048 a
516 2974 645 3064 nobis,
668 2977 736 3072 qui
749 2975 876 3048 iocum
893 2975 958 3047 hic
976 2977 1082 3049 unde
1107 2979 1316 3078 incipiunt,
1372 3063 1379 3078 ‚

300 3094 551 3182 attendimus,
576 3096 739 3166 interea
767 3117 849 3190 quaa
876 3092 924 3166 ad
942 3096 1141 3194 proximas
1170 3099 1315 3175 litteras

404 3823 528 3879 Dissert.
537 3821 733 3879 demedicinae
740 3823 831 3879 utilit.
842 3824 875 3878 in
880 3821 1103 3898 jurisprudent.
1119 3846 1151 3882 n.
1160 3827 1199 3882 61
1213 3839 1312 3903 etseq.

404 3925 569 3980 Commerc.
582 3922 685 3979 Litter.
696 3932 743 3978 an.
758 3929 849 3996 1741,
864 3923 955 3984 hebd.
969 3941 1067 3998 27„n.
1084 3945 1112 3984 r.
1124 3927 1166 3985 ad
1176 3945 1245 4004 rap.
1261 3946 1286 3986 a.
1396 3999 1397 4012 χ
