2872 4660
221 463 224 477 ·
294 423 340 522 76
453 446 501 493 ΒΕ
526 444 671 494 sturnos
696 445 740 492 ET
765 443 889 493 GAUSIS
915 443 1125 493 MORBORUH

293 585 339 634 cx
350 561 442 631 meis
459 559 644 658 intelliges
661 558 990 632 observationibus
1013 582 1197 658 quarum,
1215 582 1302 656 prae·

292 690 352 748 ter
365 701 446 748 eam
466 700 581 774 quam
607 675 720 774 paulo
749 691 835 753 ante
856 678 1063 750 memoravi
1082 679 1122 747 in
1142 677 1300 773 virgun-

287 793 377 890 cula
394 793 585 883 habitam,
604 809 691 866 octo
710 793 758 864 ad
774 809 811 866 te
831 795 963 892 scripsi
983 795 1058 890 (1):
1074 795 1189 882 duas,
1206 808 1301 866 tres·
1413 836 1414 839 =

294 937 364 1000 ve,
389 912 464 984 alio
492 914 611 1010 magis
646 913 870 1002 attinentes,
904 913 993 986 alias
1016 913 1200 986 scribam:
1224 910 1303 984 huc

288 1029 417 1104 ¹autem
435 1031 607 1129 quinque
625 1033 778 1130 insuper
796 1031 951 1122 addam,
967 1031 1058 1104 alibi
1074 1032 1201 1104 locum
1220 1053 1304 1132 non

293 1145 400 1222 facilc
415 1147 620 1222 habituras.

346 1267 403 1340 32.
438 1268 675 1339 Meretricem
714 1267 909 1356 claudam,
944 1281 1094 1338 staturae
1124 1264 1308 1354 modicae,

296 1406 417 1459 annos
436 1399 561 1456 natam
579 1384 627 1458 ad
640 1383 906 1483 quadraginta,
925 1386 1024 1456 intra
1051 1407 1192 1483 paucos
1225 1383 1309 1456 dies

297 1501 464 1576 thoracis
489 1501 735 1574 inflammatio
753 1503 792 1574 in
811 1503 1033 1575 nosocomio
1052 1501 1126 1593 hoc
1146 1500 1310 1575 sustule-

296 1635 373 1710 rat,
389 1620 543 1694 ineunte
561 1622 696 1692 martio
710 1626 800 1692 an'ui
815 1646 918 1719 1717.
935 1625 1021 1712 Quo
1033 1636 1205 1718 tempore
1220 1643 1309 1690 eum

297 1753 401 1812 totus
424 1763 543 1812 essem
569 1741 608 1810 in
635 1739 848 1812 anatomico
865 1740 1031 1838 partium
1057 1739 1201 1811 ventris
1222 1761 1310 1810 exa-

299 1857 428 1947 mine,
461 1858 556 1930 nihil
588 1875 725 1957 praeter
760 1857 864 1931 hunc
895 1859 1053 1957 inspexi.
1087 1855 1309 1942 Abdomen,

297 1976 519 2075 priusquam
539 1978 747 2066 sectionem
764 1978 992 2075 inciperem,
1011 1975 1139 2074 plures
1152 2001 1174 2048 a
1188 1973 1312 2046 bubo·

298 2093 412 2168 nibus
430 2091 620 2168 cicatrices
640 2094 907 2168 ostenditffllllo
926 2095 1109 2183 diducto,
1130 2094 1311 2165 intestina

299 2211 451 2286 flatibus
473 2212 641 2311 turgida,
667 2189 791 2311 eoque
817 2237 838 2284 a
861 2210 1117 2311 frequentiore
1153 2211 1227 2283 situ
1258 2209 1312 2281 di·

299 2346 402 2402 mota
418 2355 639 2428 apparuere.
663 2332 849 2402 Tenuium
864 2355 951 2428 pars
968 2355 1052 2428 quae
1066 2328 1213 2402 thoraci
1232 2329 1316 2426 p'ro

298 2448 385 2546 pior
397 2445 535 2535 lucrat,
554 2448 667 2544 hujus
679 2447 1004 2536 inflammationis,
1032 2463 1075 2522 ut
1090 2471 1186 2546 saepe
1209 2446 1314 2518 acci-

301 2565 379 2652 dit,
397 2565 586 2664 particeps
603 2562 685 2636 fieri
709 2566 904 2664 inceperat
920 2593 930 2656 ;
951 2591 1023 2639 nec
1050 2567 1159 2662 jecur
1176 2561 1313 2636 eodem

300 2683 393 2756 vitio
417 2703 575 2780 prorsus
598 2682 773 2756 carebat(
794 2687 917 2756 Renes
935 2683 1086 2782 magni,
1103 2683 1143 2754 in
1160 2705 1315 2754 eorum-

301 2824 378 2898 que
399 2799 571 2898 pelvibus
589 2802 701 2874 urina
719 2804 825 2900 quasi
862 2802 1076 2900 purulenta.
1096 2802 1235 2874 Vesicae
1254 2824 1317 2871 au·

301 2931 379 2990 tem
394 2919 530 2990 tunicae
553 2943 705 3010 crassae,
727 2935 764 2992 et
787 2917 901 2992 facies
920 2921 1080 3008 interior
1101 2918 1316 3016 inaequalis,
1421 3011 1422 3014 Ἴ

302 3057 352 3106 an
373 3033 478 3134 quod
503 3033 583 3110 lues
611 3061 797 3125 venerea,
830 3037 935 3135 quod
960 3035 1065 3136 haud
1084 3060 1177 3107 raro
1201 3035 1317 3115 solet,

302 3152 480 3224 urinariis
500 3155 651 3252 organis
671 3150 803 3228 luisset
827 3151 986 3226 infesta?
1005 3151 1196 3224 Tubarum
1216 3150 1319 3222 uteri
1421 3139 1422 3204 l

304 3269 419 3342 altera
440 3271 670 3369 agglutinata
689 3286 769 3343 erat
785 3272 959 3344 testiculo
974 3272 1172 3369 proximo,
1188 3269 1241 3341 sic
1261 3283 1318 3340 ta·
1387 3307 1389 3314 ·

304 3410 395 3460 men
413 3402 456 3458 ut
472 3387 593 3461 libero
613 3387 758 3460 orificio
777 3389 878 3462 illius
897 3391 995 3488 parti
1011 3385 1321 3486 responderetin

306 3527 382 3602 qua
398 3528 533 3604 magna
548 3521 627 3580 erat
645 3506 792 3579 inclusa
807 3507 982 3580 vesicula.
994 3505 1202 3578 Testiculus
1223 3504 1320 3576 alter

308 3645 387 3694 non
411 3623 463 3695 ita
481 3648 610 3698 sanus:
631 3639 674 3696 ut
692 3639 897 3722 propterea
917 3622 1086 3729 fortasse¹
1104 3623 1163 3712 id,
1185 3621 1322 3721 gracil-

349 3905 393 3985 (1)
413 3907 509 3982 Epist.
518 3925 574 3983 29,
587 3927 619 3964 n.
638 3927 674 3966 ια
686 3919 715 3966 et
725 3927 774 3968 ao.
787 3908 882 3985 Epist.
898 3906 952 3980 35,
967 3925 1000 3964 n.
1015 3925 1050 3964 ra
1065 3907 1151 3967 et16.
1166 3907 1323 3984 Epist.4o,
1421 3927 1422 3930 ¹

309 4005 1068 4086 annumeras.16.uput.r.7‚n.,1aetre
1421 3993 1422 4006 '
