2872 4660
298 444 345 537 74
462 463 509 509 na
535 461 679 510 seorsus
705 461 749 508 ar
774 461 898 509 causis
924 461 1135 510 monnonuu

296 575 437 647 uterini
455 573 574 648 osculi
592 575 759 674 positum
774 574 990 673 inquirere,
1006 589 1049 647 ut
1062 601 1109 648 ex
1126 599 1173 646 eo
1189 596 1309 674 quam

190 773 194 782 ¹
297 693 337 764 in
362 707 506 792 partem
538 707 670 765 uterus
702 692 971 784 inclinaretur,
1007 694 1080 792 ipsi
1112 691 1312 792 dignosce·
1423 724 1424 783 ψ

298 828 394 885 rent.
414 810 719 910 Sennertum(1)
739 827 864 885 autem
880 814 911 885 si
932 837 1019 884 cum
1039 811 1099 886 his
1115 809 1310 903 conferas,
1423 814 1424 817 ’

297 928 344 1001 ad
361 953 480 1030 quam
497 953 617 1029 pauca
633 955 694 1003 res
710 931 788 1027 jam
806 929 970 1019 rediret,
993 943 1032 1004 et
1048 953 1163 1028 quam
1178 929 1313 1003 leviter

296 1049 431 1148 attingi
447 1050 651 1147 inciperet,
666 1047 772 1122 facile
790 1048 987 1148 intelliges.
1008 1051 1257 1134 nexantem,
1279 1048 1314 1122 si

297 1190 442 1265 quaegras
451 1165 554 1264 apud
571 1167 784 1256 Riveriuna,
805 1168 982 1240 omissam
996 1165 1097 1238 banc
1116 1167 1310 1238 tractatio·

299 1305 406 1370 nem,
422 1305 641 1381 cognosces.
666 1287 760 1356 Rem
788 1307 888 1383 pene
915 1283 1126 1357 obsoletam
1149 1283 1317 1358 restituit

299 1401 484 1474 memoria
496 1415 623 1474 nostra
641 1403 681 1473 in
696 1401 830 1502 primis
845 1401 1072 1476 Deventrius
1083 1400 1140 1500 (a)
1155 1401 1208 1474 sic
1225 1401 1315 1499 qui·

299 1515 410 1605 dem,
441 1533 484 1589 ut
503 1519 644 1616 quoda
662 1519 855 1593 veteribus
881 1517 1020 1593 baum
1039 1543 1120 1590 non
1138 1517 1318 1609 memini,

301 1634 523 1709 ostenderet
548 1639 683 1736 quanti
702 1635 854 1714 referat
876 1663 925 1710 ex
958 1638 1101 1711 uterini
1131 1638 1209 1744 qri's
1240 1637 1320 1710 situ

302 1755 403 1827 uteri
439 1755 553 1828 situm
583 1758 624 1828 in
652 1755 954 1856 parturientibus
989 1753 1236 1854 dignoscere3
1269 1754 1320 1828 ab

299 1873 402 1946 uteri
430 1874 534 1945 enim
561 1872 786 1974 obliquitate
824 1877 957 1975 saepius
988 1871 1161 1948 difficiles
1188 1887 1322 1973 partus

303 1990 398 2064 lieri.
419 1992 491 2064 Cui
513 1991 644 2090 plures
662 1995 835 2093 egregios
853 1994 956 2066 viros
973 2007 1011 2066 et
1028 2015 1200 2066 ascensos
1216 2016 1321 2082 esse,

301 2123 341 2182 et
356 2111 530 2184 assentiri
540 2111 676 2188 video:
696 2135 920 2210 quanquam
940 2111 1059 2210 aliqui
1070 2113 1111 2184 in
1130 2112 1212 2208 ejus
1228 2109 1322 2183 obli·

267 2320 269 2328 ,
304 2229 462 2328 quitatis
486 2251 595 2300 causa
611 2227 846 2302 dissentiant.
874 2230 935 2302 Sic
954 2231 996 2300 in
1013 2227 1164 2300 duabus
1184 2228 1322 2301 disser-

307 2345 538 2436 tationibus,
554 2371 718 2444 quarum
737 2348 893 2422 alteram
912 2371 1016 2421 anno
1036 2345 1147 2446 1736,
1164 2347 1323 2420 alteram

304 2478 396 2536 octo
415 2485 600 2536 novemve
616 2479 705 2562 post
722 2467 854 2557 annis,
884 2466 962 2539 duo
986 2467 1033 2539 cl.
1054 2465 1192 2539 Friedii
1208 2464 1325 2538 disci·

273 2596 275 2600 ·
308 2581 391 2681 puli
417 2580 636 2672 ediderunt,
655 2585 813 2658 memini
841 2609 924 2658 eam
952 2607 1102 2658 causam
1130 2584 1171 2654 in
1199 2584 1325 2656 altero

306 2699 474 2772 matricis
499 2700 634 2790 latere,
658 2700 709 2774 ob
732 2701 882 2776 affixam
907 2703 1004 2794 sibi,
1032 2700 1138 2801 quod
1157 2725 1238 2773 non
1256 2723 1326 2774 sae-

217 2829 223 2834 ’
306 2817 393 2916 pius
404 2817 515 2906 solet,
535 2819 767 2916 placentam,
791 2845 1058 2920 annexumque
1075 2820 1167 2892 huic
1183 2819 1323 2892 foetum

306 2937 478 3035 graviore
498 2935 824 3030 facto,collocari,
836 2967 916 3014 non
934 2965 1043 3015 secus
1061 2963 1104 3012 ac
1119 2938 1212 3010 olim
1224 2941 1326 3011 Gra-

309 3053 454 3152 dius'(3)
468 3056 567 3128 inter
586 3081 713 3135 causas
736 3057 938 3158 obliquum
963 3073 1116 3132 uterum
1140 3053 1325 3129 facientes

308 3171 409 3244 hanc
440 3172 643 3265 statuebat,
667 3177 697 3248 si
719 3191 886 3276 propter
912 3180 1110 3251 materiam
1137 3175 1177 3250 in
1206 3173 1327 3247 altera
1424 3161 1425 3176 ¹

310 3291 391 3388 ejus
416 3304 541 3389 parte,
569 3291 636 3364 vel
653 3309 820 3393 propter
841 3301 1066 3392 gravitatem
1094 3297 1328 3391 acquisitam
1399 3389 1400 3392 Ἴ

299 3409 419 3508 fieret
440 3422 582 3480 tractus
611 3409 765 3484 alterius
786 3419 916 3512 portis
949 3411 1005 3484 ad
1035 3437 1130 3483 eam.
1171 3409 1244 3484 Sed
1287 3426 1330 3483 et

353 3707 396 3789 (1)
417 3714 528 3772 Medic.
540 3725 637 3790 praet.
648 3717 669 3772 l.
682 3723 715 3788 4,
729 3735 760 3793 p.
778 3735 811 3791 1,
824 3737 847 3775 s.
861 3735 898 3789 u,
915 3736 944 3778 e.
957 3715 993 3775 15
1005 3717 1039 3774 in
1050 3717 1200 3796 princip.,
1214 3726 1278 3778 etc.
1289 3716 1329 3776 16

311 3811 415 3871 infine
700 3856 703 3861 -

355 3911 400 3990 (a)
420 3913 492 3984 Obs.
505 3914 580 3972 chir.
592 3917 818 3982 norumlurnen
834 3917 934 3978 exhib.
947 3918 1013 3978 obs.
1025 3917 1122 3978 catria.

357 4011 401 4090 (3)
422 4014 456 4069 C.
473 4031 511 4070 aa
529 4013 579 4070 cit.
