2816 5282
318 375 387 452 562
481 397 528 446 nr
553 395 700 446 ermrue
724 393 920 478 armoire
942 397 1154 452 mnenon

314 537 383 614 per
402 512 501 588 idem
523 508 694 584 foramen
711 509 876 584 subierat
901 537 972 611 per
991 515 1097 612 (prod
1114 517 1208 615 gula
1229 544 1326 619 egre·

313 631 426 704 ditur.
448 633 580 727 Neque
597 629 699 702 enim
711 629 765 700 sic
781 653 801 700 a
820 645 957 709 natura
981 628 1118 723 tuisne,
1136 633 1326 710 docebant

308 752 415 838 duo,
431 749 591 822 alterum
604 747 699 846 gulae
715 747 834 845 ipsius
847 747 1046 847 longitudo
1065 751 1130 848 (ab
1149 755 1238 830 aliis
1250 779 1323 828 non

309 867 505 962 adnotata)
534 866 713 938 nimirum
740 880 863 953 tanta,
885 881 928 938 ut
955 892 1043 940 mox
1065 872 1324 946 ventriculum

311 983 571 1062 innaturalem
591 981 717 1056 sedem
738 981 935 1056 reducenti
953 987 1110 1060 minime
1130 987 1322 1064 obstaret:

311 1105 472 1176 aiterum
488 1123 623 1198 magna
633 1097 767 1184 barura
784 1101 823 1172 in
838 1125 953 1198 quam
963 1099 1087 1176 fuerat
1095 1104 1135 1176 id
1150 1103 1323 1182 foramen

310 1219 605 1319 diaphragmatie
625 1215 913 1315 amplificatum,
930 1243 1002 1318 per
1021 1221 1129 1319 quod
1150 1225 1243 1322 guia
1268 1253 1321 1300 ea·

181 1344 186 1354 '
310 1340 396 1413 dem
423 1338 583 1410 transire
616 1336 730 1426 nolet,
752 1351 844 1410 tunc
865 1353 991 1412 autem
1024 1339 1255 1414 duodenum
1275 1346 1322 1416 irr-

308 1459 489 1532 testinum
525 1453 731 1542 transibat,
760 1479 846 1552 quar
878 1455 1011 1530 flatura
1047 1459 1268 1534 cicatricem
1303 1490 1321 1535 a

309 1576 444 1672 longo,
464 1587 507 1646 ut
523 1569 739 1659 videbatur,
764 1587 937 1671 tempore
956 1577 1036 1672 jam
1064 1575 1240 1650 duxerat.
1266 1583 1319 1654 Sic

307 1707 433 1768 eutem
445 1690 574 1765 bruun
587 1689 994 1791 diaphragmatittriur
1008 1689 1319 1786 tuiasecredebau

308 1837 330 1891 a
357 1810 625 1883 violentissima
657 1809 792 1906 aliqua·
814 1810 890 1882 sive
923 1810 1020 1909 gula
1048 1814 1316 1902 convulsione,

305 1927 560 2000 ventriculum
580 1949 727 2000 auruum
746 1925 942 2017 trabentc;
958 1929 1036 2002 sive
1054 1937 1317 2006 mntractione

305 2044 622 2146 diaphragmatit,
648 2045 777 2132 simul,
798 2057 836 2116 ct
860 2045 1120 2120 musculorum
1142 2049 1315 2123 abdomi-

305 2166 388 2252 nis,
407 2184 520 2262 quam
544 2163 793 2252 ventriculus,
810 2179 901 2236 tunc
924 2161 1023 2238 forte
1050 2165 1315 2258 solidioribus,

245 2355 248 2366 ,
304 2298 348 2356 ut
366 2284 404 2352 in
420 2305 534 2366 canc,
552 2278 739 2352 alimentis
760 2279 911 2378 plenus,
923 2280 1140 2380 adjuvisset.
1156 2289 1240 2384 Ego
1257 2313 1314 2358 an·

305 2415 380 2474 tarn
398 2421 483 2472 cum
505 2423 551 2472 cx
563 2397 823 2497 superioribus
835 2397 963 2498 plura,
978 2400 1148 2474 tumbaec
1164 2428 1316 2501 prarer·

304 2519 371 2591 tim
393 2540 436 2588 ex
452 2517 584 2588 Littrio
604 2519 737 2590 cenaui.
757 2541 778 2588 a
796 2538 856 2590 mc
880 2518 949 2590 tibi
979 2543 1059 2592 esec
1078 2543 1315 2596 commemo-

269 2677 271 2684 *
304 2634 439 2722 rande,
456 2649 499 2705 ut
514 2655 760 2732 comparans,
780 2632 990 2732 intelligere
1003 2632 1151 2710 facilius
1170 2643 1316 2737 poesim

303 2768 454 2825 rectene
473 2750 536 2822 alii
554 2749 624 2822 alia
638 2753 801 2824 vomitus
820 2752 1073 2826 instrumenta
1096 2779 1317 2854 proponere
1399 2825 1400 2828 ,

303 2873 588 2957 consueverint,
600 2883 680 2940 tum
697 2868 764 2940 ubi
778 2871 1013 2942 ventriculus
1022 2872 1061 2942 in
1071 2871 1236 2948 thorace
1251 2880 1318 2964 sit,

303 2986 567 3088 a.primordiis
594 2987 758 3085 positus,
784 3011 831 3058 an
861 2989 899 3059 vi
934 2987 1061 3061 morbi
1093 2992 1318 3090 compulsus

303 3108 436 3196 fuerit,
455 3119 535 3177 tunt
558 3103 744 3201 denique3
760 3105 888 3178 utalia
906 3121 993 3204 post
1011 3106 1316 3205 attingendabitt

303 3227 492 3312 omittam3
509 3219 647 3320 quibus
672 3221 867 3320 agentibus
894 3223 1016 3296 causis
1040 3247 1086 3296 eo
1105 3227 1317 3326 compella·

301 3360 373 3414 tur.
390 3346 484 3414 Nam
505 3337 609 3437 quod
629 3339 750 3410 visum
769 3353 825 3412 est
840 3363 992 3412 summo
1009 3355 1114 3412 aetate
1135 3340 1212 3416 hac
1230 3368 1316 3416 nos·

301 3477 359 3534 tra
379 3460 475 3546 viro,
492 3471 634 3554 quanta
656 3458 711 3528 vis
735 3458 781 3529 sit
800 3479 874 3555 qua
902 3457 1064 3530 musculi
1090 3457 1316 3534 abdominis

299 3583 339 3651 in
359 3575 608 3675 exspiratione
628 3597 777 3646 sursum
802 3589 962 3673 urgeant
981 3576 1123 3648 ventris
1148 3580 1315 3668 viscera,
1398 3665 1399 3672 ἵ

299 3695 390 3768 hinc
408 3717 516 3794 posse
542 3693 716 3764 aestimari
738 3692 844 3790 quod
869 3693 1046 3792 exiguum
1063 3705 1175 3794 septo
1189 3711 1313 3770 trans·

298 3837 407 3886 verso
423 3809 608 3882 inflictum
623 3810 760 3882 vulnus
769 3810 927 3884 dilatent
938 3811 1055 3900 adeo,
1066 3829 1111 3884 ut
1125 3813 1215 3888 illac
1227 3837 1312 3888 ven·

249 3963 250 3966 ¹
298 3931 455 4004 triculue
469 3931 510 4001 in
526 3929 722 4002 thoracem
735 3943 926 4019 transeam
953 3953 1096 4028 nempe
1109 3931 1309 4032 iutelligit,

232 4625 1398 4826 “³53
