2946 4662
330 462 401 553 446
498 481 545 529 nr
570 476 717 528 suanus
741 467 786 526 ar
805 461 939 540 'closis'
958 463 1167 527 nonnosum

382 599 439 670 26.
469 597 506 667 si
528 607 662 694 praeter
689 593 787 663 hanc
816 590 991 676 cerebelli
1017 595 1335 694 qualemcumque

329 719 540 801 laesionem,
559 712 637 784 aliae
654 734 734 782 non
752 707 909 781 fuissent
927 712 1175 808 gravissimae,
1205 714 1249 786 ut
1273 739 1336 787 ve-

331 835 490 909 hemens
504 826 650 904 cerebri
678 829 898 917 concussio,
928 827 1134 926 hujusque,
1165 843 1202 902 et
1237 854 1339 905 cere·

330 951 422 1026 belli
438 947 539 1023 ‘tanta
558 949 807 1046 compressio,
825 961 1005 1043 quautam
1026 949 1133 1045 copia
1151 946 1259 1020 effusi
1276 951 1337 1020 in-

331 1085 392 1142 tra
418 1071 586 1140 cranium
606 1067 797 1164 sanguinis
816 1089 861 1136 ex
877 1068 997 1163 ruptis
1011 1063 1225 1138 lateralibus
1241 1069 1337 1165 prae-

326 1189 461 1272 ,sertim
479 1185 624 1257 sinibus
643 1181 849 1269 efficiebat,
877 1195 969 1254 num
987 1207 1116 1254 censes
1132 1197 1207 1255 tam
1224 1185 1338 1256 citaln

334 1303 498 1376 futuram
526 1299 638 1372 luisse
679 1301 868 1372 mortem?
902 1301 1085 1397 Equidem
1112 1324 1192 1372 non
1216 1299 1337 1386 -lacile

333 1426 412 1522 ipse
430 1417 652 1492 crediderim
667 1445 677 1504 3
690 1431 915 1516 quanquam
936 1419 1113 1490 cerebelli
1122 1397 1204 1490 nob
1218 1419 1338 1509 lenm,

335 1557 372 1613 et
396 1539 611 1637 repentinas
641 1537 810 1609 ltesiones'
839 1538 951 1635 longe
983 1538 1112 1626 eitius,
1143 1550 1180 1610 et
1200 1539 1341 1611 certius

334 1659 471 1744 sciam,
492 1679 605 1754 quam
628 1679 737 1755 pares
758 1655 903 1728 cerebri
922 1653 1089 1728 laesiones'
1116 1657 1341 1755 plerumque

240 1827 242 1834 s
334 1774 507 1847 occidere
525 1775 783 1862 consuevisse,
801 1771 1024 1872 perfectiora
1044 1773 1193 1862 saltem3
1211 1788 1253 1846 nt
1270 1773 1341 1844 vd-

335 1907 439 1980 cant,
459 1908 496 1963 et
519 1891 666 1981 adulta,
692 1905 729 1962 et
746 1891 794 1962 ad
819 1886 1006 1978 hominis,
1024 1903 1137 1986 quem'
1156 1887 1219 1964 hi'c
1233 1897 1342 1990 s'pec'·

333 2029 478 2098 tamus,
499 2025 724 2082 structuram
743 2010 900 2106 propius
919 2006 1135 2080 accedentia
1152 2011 1339 2082 animalia.

333 2136 464 2228 Itaque
480 2129 520 2198 in
539 2126 610 2198 hac
630 2127 941 2198 controversiain
964 2128 1077 2223 quam
1094 2123 1189 2200 forte
1207 2126 1344 2200 incidi-

335 2269 441 2335 mus,
459 2247 553 2318 etin
571 2266 646 2341 qua
659 2245 815 2314 memini
829 2257 866 2315 t'e
883 2243 1034 2326 alias-de
1050 2243 1110 2314 nie
1129 2245 1342 2341 quaesivisse

336 2365 428 2464 quid
448 2364 623 2450 sentiam,
641 2362 720 2432 noli
731 2386 817 2432 cum
831 2361 1056 2434 doctissimis
1071 2360 1238 2460 alioquin
1252 2364 1344 2436 viris

337 2509 416 2554 non
434 2480 550 2551 modo
580 2480 742 2563 insecta,
773 2477 839 2550 sed
860 2504 985 2576 neque
1002 2503 1108 2567 aves,
1130 2473 1194 2552 ait
1211 2477 1345 2572 foetuS,

337 2615 400 2670 aut
426 2619 558 2668 recens
584 2612 671 2665 nata
704 2596 877 2666 animalia
912 2605 1220 2692 commemorare.
1256 2594 1345 2697 Ip'siz

339 2718 439 2787 enim
458 2714 517 2784 vel
534 2714 624 2784 olim
645 2714 836 2784 adnotavit
860 2714 1076 2786 Aristoteles
1101 2719 1178 2812 tt),
1207 2711 1347 2815 palam
1378 2728 1382 2739 ’

340 2842 377 2904 ἱη
404 2839 561 2918 insectis,
595 2849 637 2904 ut
663 2837 794 2930 vespis·
821 2841 856 2902 et
884 2835 1018 2930 apibus
1049 2833 1121 2904 hoc
1153 2827 1346 2926 addidere,

339 2967 476 3050 nempe
497 2965 538 3022 ut
566 2950 698 3020 ablata
716 2975 758 3020 ea
784 2950 968 3047 particula
990 2971 1074 3048 quoe
1098 2959 1261 3024 vocatur
1279 2958 1353 3044 ‘ca'-¹

331 3085 446 3170 put„
507 3119 515 3138 .
533 3074 670 3140 vibant.
689 3069 908 3139 Diu²autem
920 3085 975 3141 est
994 3069 1039 3140 ex
1058 3070 1242 3166 quo'm‘ilti
1259 3069 1347 3143 ado·

336 3181 545 3260 lescentulo
564 3182 774 3256 affirmabat
796 3185 989 3273 Valsalva‚
1014 3179 1148 3258 avinus
1173 3196 1211 3258 s'e
1240 3209 1369 3260 cere-⁴

338 3307 482 3378 bellum
500 3327 741 3401 summopere
757 3305 964 3390 vomuisse,
992 3326 1118 3401 neque
1140 3329 1200 3376 eas
1216 3298 1344 3379 lamen

338 3445 418 3496 esse
435 3419 629 3504 confestim
659 3435 837 3493 mortuas.
856 3423 957 3510 Quin
972 3423 1051 3520 ipse
1071 3419 1164 3519 quid
1183 3424 1345 3495 viderim

337 3543 376 3611 in
399 3537 534 3610 felibus
554 3535 722 3626 duobus,
746 3553 834 3610 ante
853 3535 1013 3609 biduum
1040 3541 1156 3627 natis,
1181 3563 1266 3611 cum
1290 3537 1346 3612 ii-

336 3657 506 3728 ventium
522 3657 642 3754 capita
662 3656 868 3727 inciderem
884 3655 1009 3728 aestivo
1028 3653 1200 3756 tempore
1214 3713 1224 3747 ,
1239 3669 1242 3678 ’
1255 3665 1347 3731 nar-

378 4022 422 4102 (t)
441 4025 485 4078 De
499 4021 614 4094 juvent.
632 4033 660 4078 et
677 4034 784 4078 senect.
798 4041 823 4078 c.
840 4043 866 4080 1.
