2828 4652
313 435 381 519 ido
481 453 526 500 nr
551 450 696 500 sautans
721 453 764 498 ur
790 449 915 499 olous
940 449 1153 500 nostrorum

273 611 285 642 a
311 567 514 668 pulmones
538 546 768 665 explicandi,
797 590 861 637 aer
880 563 1094 652 ducendus,
1123 567 1324 640 remitten-

312 686 477 785 dusque,
488 685 558 756 alia
575 682 804 781 hujusmodi.
821 680 967 754 Deinde
983 684 1035 756 sic
1053 685 1192 782 cogita,
1211 687 1319 784 siqua

312 801 408 876 forte
426 803 598 901 corporis
617 825 704 902 pars
728 801 775 873 sit
790 798 850 872 his
876 799 1001 888 novis,
1025 802 1323 900 necessariisque

311 920 533 993 muneribus
548 921 675 991 minus
686 932 795 1016 apta,
821 931 886 990 aut
904 918 1023 1017 magis
1042 919 1237 1008 resistens,
1256 935 1325 992 aut

311 1037 451 1112 iaciens
467 1051 511 1110 nt
532 1038 654 1110 multo
670 1036 795 1124 eitius,
813 1035 1003 1109 tardiusve
1014 1055 1127 1134 quam
1158 1061 1227 1136 par
1256 1038 1325 1124 sit,

313 1182 363 1230 eae
392 1153 644 1229 occludantur
666 1155 732 1227 viae
752 1177 845 1252 quas
867 1151 1123 1226 occludendas
1152 1177 1233 1242 esse
1264 1153 1325 1226 di-

311 1275 458 1363 ximus3
486 1273 629 1370 cogita,
658 1272 835 1372 inquam,
861 1271 954 1370 quid
975 1273 1085 1370 sequi
1104 1270 1260 1362 debeat3
1285 1287 1325 1344 et

313 1388 420 1463 facile
437 1390 643 1488 intelliges,
661 1414 776 1489 quam
793 1389 910 1479 varii,
930 1389 1117 1488 multique
1140 1413 1220 1463 esse
1233 1414 1324 1490 pos-

313 1508 389 1581 sint
406 1506 532 1580 morbi
546 1529 678 1580 recens
689 1521 866 1580 natorum
883 1497 1102 1606 peculiares.

348 1615 421 1698 oo.
432 1625 622 1698 Illustrare
635 1623 714 1696 haec
729 1625 836 1721 jurat
848 1625 1022 1724 exemplo
1036 1623 1164 1698 morbi
1174 1625 1326 1724 quisub

316 1767 449 1818 sensus
463 1741 580 1816 cadat.
610 1744 897 1842 Nonnunquam
926 1757 1136 1817 nascuntur
1161 1742 1325 1818 infantes
1401 1809 1402 1858 ἶ

315 1863 396 1935 sine
413 1861 556 1961 palat0,
576 1877 640 1935 aut
654 1877 865 1935 nascuntur
884 1861 1009 1962 palato
1019 1861 1119 1936 fisso.
1134 1863 1218 1936 Sive
1230 1876 1326 1935 tunc
1401 1949 1402 1958 ἵ

315 1982 437 2054 suctio
449 2036 459 2070 ,
473 1981 548 2054 sive
562 1977 779 2081 deglutitio',
797 1983 874 2055 sive
892 1997 1055 2079 utraque
1073 1979 1324 2078 impediatur,

313 2114 378 2172 aut
396 2101 518 2174 multo
537 2097 729 2172 difficilior
744 2098 829 2188 fiat;
848 2111 1025 2199 apparet,
1049 2099 1101 2171 sic
1118 2095 1263 2172 laetum
1281 2121 1323 2172 os

313 2217 503 2317 ineptum,
522 2233 586 2292 aut
615 2219 742 2291 minus
763 2231 894 2316 aptum
921 2240 1000 2290 esse
1019 2215 1066 2288 ad
1091 2213 1322 2290 laetendum.

314 2333 386 2408 Sed
412 2335 594 2432 quoniam
618 2333 777 2408 morbus
799 2349 837 2406 et
865 2329 1086 2406 manifestus
1106 2349 1181 2422 est,
1194 2349 1238 2406 et
1260 2359 1324 2407 ex-

315 2465 466 2538 ternus,
492 2475 552 2525 ars
571 2452 730 2526 modum
760 2453 945 2550 excogitat
966 2450 1141 2524 servandi
1164 2449 1326 2524 infantes

315 2569 391 2641 sive
404 2566 451 2640 ad
465 2568 594 2668 plures
606 2569 686 2642 dies
699 2625 710 2659 ,
722 2573 815 2659 sive,
832 2569 901 2641 ubi
908 2571 1042 2642 vitium
1054 2570 1181 2640 minus
1195 2570 1260 2657 sit,
1278 2569 1325 2641 ad
1402 2579 1403 2582 ’

316 2687 468 2784 longam
482 2687 942 2787 aetatemLegeristradita
954 2713 975 2760 a
988 2687 1033 2760 cl.
1045 2688 1134 2760 viris
1146 2687 1327 2760 Maloetio

316 2819 354 2878 et
362 2805 483 2877 Petito
500 2801 559 2904 (1)
574 2833 582 2876 ε
608 2831 774 2904 quorum
791 2806 855 2878 ille
873 2815 1004 2878 uatum
1024 2805 1103 2878 sine
1125 2805 1252 2903 palato
1266 2831 1328 2878 re·

315 2919 387 2994 lert
398 2923 616 3008 vixissedies
628 2924 868 3023 quindecim,
883 2924 939 2996 lac
958 2949 1003 2996 ex
1018 2921 1209 2994 cochleari
1224 2925 1265 2994 in
1283 2947 1327 2995 os

314 3038 630 3130 demittend03bic
642 3066 735 3113 vero
745 3055 912 3116 servatos
924 3039 1122 3138 quosdam,
1131 3037 1220 3112 fisso
1231 3040 1329 3139 pala·

313 3171 353 3229 to
363 3157 402 3231 in
411 3157 534 3244 lucem
541 3157 662 3232 editos
673 3183 785 3257 capra
793 3157 992 3258 semipleni
1001 3157 1131 3230 uberis
1142 3157 1325 3256 papillam

312 3274 521 3373 praebente,
534 3277 643 3375 cujus
654 3275 923 3366 crassitudine,
941 3272 1327 3374 longitudine,molli·

312 3394 363 3464 tie
375 3394 486 3466 simul
495 3393 627 3466 fissura
644 3395 774 3492 palati,
787 3395 899 3470 simul
912 3395 1062 3466 narium
1069 3417 1180 3466 cavea
1197 3393 1250 3465 sic
1267 3415 1329 3464 oc·

245 3498 252 3510 ⁴
315 3509 584 3600 eludebantur,
596 3525 640 3583 ut
654 3507 815 3587 subinde
831 3527 948 3599 esset,
969 3535 1017 3582 ne
1036 3511 1325 3609 respirationem

314 3625 535 3725 impediret,
549 3627 612 3700 illa
623 3628 861 3704 retrahenda.
876 3633 957 3704 Hoc
973 3643 1098 3701 autem
1116 3627 1158 3698 iu
1175 3627 1220 3700 iis
1245 3651 1326 3700 esse

324 3921 331 3932 ·
352 3908 398 3986 (r)
417 3909 494 3969 uin.
509 3922 539 3968 et
551 3909 642 3969 Mem.
657 3913 695 3970 de
713 3912 893 3972 l’Academie
909 3905 1010 3991 royale
1024 3909 1076 3971 des
1089 3909 1246 3984 seientes,
1270 3929 1323 3969 an.

313 4007 400 4080 273⁵.
623 4021 625 4026 ·
1282 4024 1284 4032 ·
