2854 4660
190 483 258 530 uu.
276 481 324 529 lv.
344 483 389 528 DE
402 479 724 530 Monnrscfflttuno.
735 512 744 543 ‚
757 473 826 531 Cle·
842 483 953 532 nrtsr.
971 485 1018 532 121.
1047 459 1118 556 329

114 597 232 666 cranii
243 596 501 667 concussione.
523 593 577 667 Ad
596 595 846 692 eumdemque
861 596 1018 668 modum
1039 598 1121 695 plu-

114 735 176 782 res
191 712 411 808 explicabis,
430 712 624 784 allatarum
639 712 798 800 similes,
815 711 1116 800 observationes,

112 844 160 898 ut
173 829 382 900 Mancharti
395 831 446 923 (r)
471 831 510 899 in
526 829 657 926 primis
675 828 775 898 illam
797 831 837 899 in
856 854 932 926 qua
955 829 1003 901 ad
1018 829 1119 902 deci-

116 971 222 1016 mum
240 971 358 1044 usque
374 947 474 1018 diem
496 949 645 1044 signum
670 947 809 1018 malum
838 948 1010 1046 apparuit
1031 947 1119 1018 nul-

114 1063 215 1152 lum,
230 1079 267 1135 et
291 1079 416 1136 tamen
433 1063 503 1136 sub
521 1064 649 1152 cranio
669 1063 839 1162 undique
865 1064 980 1137 illaeso
998 1089 1118 1163 quan-

118 1196 200 1253 tum
226 1205 408 1252 noxarum
438 1181 586 1268 lateret,
616 1179 791 1252 dissectio
819 1195 905 1253 ante
932 1181 1129 1272 decimum,

116 1315 293 1397 quartum
310 1314 464 1397 repente
485 1299 625 1369 mortui
644 1301 875 1370 monstravit.
892 1302 979 1391 Quo
994 1313 1121 1397 autem

119 1417 236 1488 modo
260 1415 341 1490 fieri
370 1419 502 1514 possit,
537 1429 580 1488 ut
609 1418 649 1486 in
682 1416 848 1488 calvariae
874 1417 1123 1488 concussione

118 1559 206 1606 vasa
228 1536 325 1606 intra
341 1534 441 1606 illius
462 1559 593 1606 cavum
620 1549 866 1631 rumpantur,
900 1557 921 1605 a
942 1537 1050 1605 Petro
1070 1533 1125 1604 Si·

121 1650 476 1722 moneRouhaultio
497 1650 551 1748 (α)
586 1648 668 1723 fuse
689 1650 895 1722 indicatum
919 1665 983 1723 est.
1011 1649 1125 1742 Quod

120 1769 153 1840 si
170 1770 367 1841 concussio
383 1770 445 1840 vix
463 1769 538 1840 ulla
557 1766 691 1858 fuerit,
712 1784 749 1840 et
775 1770 874 1840 intra
895 1769 1050 1840 minime
1071 1767 1126 1836 vi-

122 1887 256 1957 tiatum
276 1887 445 1957 cranium
482 1885 661 1957 interiora
692 1885 774 1957 laesa
795 1885 1054 1983 reperiantur;
1070 1882 1126 1953 vi-

121 2003 220 2075 desis
236 2027 308 2101 qua
326 2004 471 2076 ratione
489 2003 693 2100 conjiceret
709 2001 877 2074 Bohnius
898 2001 952 2098 (3)
970 2000 1009 2071 id
1029 2001 1125 2072 acci·

123 2121 214 2192 dere
231 2121 395 2219 potuisse
412 2121 451 2191 in
470 2145 559 2208 sua,
577 2135 614 2192 et
626 2119 788 2190 aliorum
801 2116 1126 2205 obervationibus3

125 2239 234 2334 cujus
259 2264 304 2309 ex
325 2225 473 2338 scriptis
492 2240 547 2337 (Δ)
565 2263 644 2308 non
672 2259 810 2336 paucas
837 2259 1013 2346 eiicerpes
1034 2257 1128 2332 quas

123 2355 213 2426 huie
231 2345 464 2454 Sepulchreti
477 2350 633 2428 sectioni
649 2355 840 2454 adjungas.
861 2356 1001 2426 Verum
1023 2367 1064 2423 ut
1080 2352 1128 2424 ad
1163 2428 1166 2437 ,
1259 2346 1261 2359 '

126 2498 190 2546 eas
208 2497 300 2570 quas
323 2499 368 2544 ex
394 2473 561 2546 Valsalva
585 2472 875 2571 proposuimus,
908 2469 1128 2558 redeamus;

126 2615 272 2689 quaeres
290 2590 447 2678 deinde,
469 2615 538 2662 cur
551 2594 700 2690 sanguis
717 2591 814 2662 intra
828 2589 1025 2661 calvariam
1038 2585 1130 2662 effu·

127 2733 210 2796 sus,
231 2733 309 2778 non
331 2709 535 2795 continu0,
558 2707 624 2780 sed
640 2721 697 2780 tot
710 2707 875 2804 denique
895 2721 981 2804 post
996 2704 1130 2778 diebus

127 2826 312 2922 inceperit
337 2848 410 2896 suae
439 2821 632 2898 effusionis
665 2825 770 2922 signa
798 2821 911 2894 darei
945 2823 1131 2894 Nimirum

131 2945 222 3042 quia
240 2943 345 3014 tenui
367 2967 412 3014 ex
441 2943 594 3015 vasculo
616 2943 840 3014 tenuissimae
876 2939 1027 3040 guttulae
1047 2932 1133 3012 se'n·

54 3109 58 3120 .
133 3062 202 3134 sim
233 3061 408 3158 lenteque
438 3059 685 3148 destillantes,
715 3085 795 3130 non
821 3059 893 3131 nisi
911 3057 1055 3154 aliquot
1075 3058 1133 3127 in-

132 3179 297 3274 terjectis
319 3177 469 3266 diebus,
486 3177 544 3248 ad·
559 3203 641 3249 eam
670 3178 817 3274 copiam
835 3199 916 3273 quae
938 3170 1135 3244 manifesto

133 3296 303 3384 laederet,
330 3296 514 3393 simulque
531 3294 579 3366 ad
597 3319 679 3366 eam
701 3293 985 3391 corruptionem
1010 3314 1138 3389 perve·
1206 3368 1208 3372 .

134 3415 217 3486 nire
234 3417 445 3514 potuerint,
468 3439 550 3512 quae
568 3414 763 3509 meninges
786 3410 1061 3509 cerebrumque
1085 3409 1138 3506 ui·

136 3616 566 3635 W*

192 3737 221 3814 1)
242 3734 319 3811 Eph.
336 3738 374 3791 N.
393 3738 426 3792 C.
440 3746 517 3791 cent.
531 3753 568 3810 9,
584 3736 649 3791 obs.
667 3742 715 3802 4⁰·

209 3837 221 3913 )
242 3837 341 3893 Traite
357 3837 407 3894 des
419 3837 510 3892 Plaies
522 3837 558 3892 de
571 3837 647 3906 tete,
660 3836 745 3910 chap.
763 3841 780 3900 4
792 3847 821 3892 et
836 3854 881 3891 ro.

210 3935 220 4014 )
244 3937 367 3993 Dissert.
381 3937 418 3993 de
431 3947 575 4011 trepanot.
591 3934 728 3992 difficolt.

211 4036 222 4114 )
244 4035 343 4094 Etiam
355 4037 392 4094 de
406 4055 530 4095 renunc.
542 4037 660 4094 vulner.

175 3735 188 3812 l

174 3835 188 3913 (

175 3937 188 4014 (

176 4036 188 4115 l

191 3855 208 3896 2

191 3939 208 3993 3

192 4041 209 4104 i
