2828 4652
287 381 355 467 ¹ll
456 399 501 446 nr
527 395 672 444 surmus
689 373 741 442 'rr
766 393 889 444 ctusts
912 391 1126 445 norinorum

252 527 255 547 '
289 513 499 612 copiosior,
514 523 578 582 aut
597 509 779 594 crassior3
804 505 951 581 cerebri
974 523 1100 583 autem
1122 532 1210 584 vasa
1232 507 1304 586 vel

1396 404 1400 508 ¹

290 631 411 706 multo
437 652 549 726 quam
576 627 738 714 soleant,
770 623 989 700 infirmiora.
1023 629 1140 700 Sicuti
1169 643 1305 702 autem
1399 633 1400 646 ¹

290 749 394 822 nasci
409 746 525 844 aliqui
544 770 589 816 eo
611 760 807 818 structurae
828 743 921 816 vitio
947 760 1129 844 possunt,
1156 761 1202 818 ut
1230 748 1306 818 viae

283 865 361 962 ,illae
390 864 599 962 sanguinis,
616 861 663 934 de
694 859 832 960 quibus
862 861 1101 952 dictumest,
1136 863 1308 936 celerius

291 982 538 1070 claudantur3
557 981 608 1052 ita
634 1005 654 1051 e
679 981 870 1052 contrario
895 979 1076 1052 credibile
1105 995 1182 1071 est,
1207 981 1307 1052 oriri

1399 737 1401 797 l

291 1100 499 1176 nonnullos
516 1099 556 1168 in
578 1097 716 1196 quibus
735 1099 951 1196 oppositum
968 1095 1102 1169 vitium
1123 1099 1191 1187 sit,
1213 1099 1307 1168 viae-
1401 1124 1402 1147 ¹

292 1245 368 1318 que
385 1231 585 1316 propterea
601 1214 671 1286 illae
690 1239 770 1286 non
791 1213 907 1286 modo
931 1239 1129 1313 nunquam
1148 1216 1308 1314 penitus

293 1334 562 1423 occludantur,
583 1332 688 1432 quod
707 1334 747 1405 in
767 1332 865 1405 ovali
885 1329 1068 1404 foramine
1087 1331 1190 1404 haud
1210 1356 1304 1404 raro

294 1452 407 1541 mihi,
422 1452 577 1549 aliisque
594 1449 857 1540 occurrit,sed
870 1449 975 1548 quod
991 1448 1039 1522 de
1052 1447 1193 1521 eodem
1210 1446 1311 1521 fora·

294 1571 397 1642 mine
427 1568 569 1642 dictum
601 1582 712 1667 puta,
743 1593 792 1641 ne
823 1567 1099 1640 imminuantur
1131 1567 1307 1667 quidem.

294 1693 380 1762 Haec
397 1688 650 1784 autem·siqua
666 1709 827 1782 corpora
846 1683 941 1758 forte
962 1687 1036 1760 sint
1054 1687 1105 1758 ita
1119 1683 1235 1775 lacta,
1257 1701 1304 1758 ut

298 1804 396 1880 lerre
414 1806 581 1905 possint,
603 1805 804 1878 verisimile
821 1817 899 1894 est,
929 1803 1051 1876 multo
1077 1804 1189 1904 plura
1224 1827 1310 1892 non¹

298 1947 420 2024 posse.

235 2049 237 2060 ⁴
349 2041 541 2116 Pertinent
564 2039 640 2114 buc
664 2065 747 2138 quae
775 2043 843 2114 XV
863 2037 934 2112 kal.
952 2040 1034 2138 jun.
1062 2041 1153 2112 anni
1186 2065 1312 2140 1722,
1401 2081 1402 2093 κ

300 2161 359 2232 vir
374 2159 419 2232 cl.
432 2157 480 2232 ad
498 2183 558 2230 me
578 2159 724 2258 scripsit
737 2163 854 2230 Janus
865 2158 1034 2245 Plancus.
1050 2163 1103 2230 Ex
1123 2183 1186 2234 me
1205 2161 1310 2234 enim

303 2277 505 2378 quaerebat,
514 2301 607 2347 num
616 2277 656 2348 in
666 2300 798 2348 recens
809 2277 905 2350 natis
917 2273 1123 2350 infantibus
1137 2300 1311 2376 unquam

304 2396 411 2468 ovale
435 2395 604 2466 foramen
625 2394 731 2467 nulla
754 2419 908 2492 prorsus
922 2395 1149 2467 instructum
1162 2395 1312 2470 valvula
1401 2458 1402 2486 ,

304 2511 557 2586 offendissem.
578 2511 779 2603 Quaerendi
798 2527 923 2584 autem
953 2509 1070 2586 causa'
1083 2527 1184 2604 erat,
1206 2514 1312 2612 quod

305 2635 345 2704 in
362 2653 484 2728 nuper
507 2627 667 2702 dissecto
689 2625 831 2702 infante
854 2635 980 2728 ne‘que
1002 2629 1100 2728 ipse,
1130 2656 1202 2705 nec
1231 2633 1320 2721 vir,

307 2749 397 2822 alias
415 2769 436 2816 a
463 2771 523 2818 me
542 2745 735 2832 laudatus,
757 2747 824 2844 qui
842 2762 934 2820 tunc
951 2747 1110 2819 Arimini
1130 2747 1312 2848 degebat,

305 2871 432 2941 Romae
452 2880 580 2963 postea
597 2861 877 2963 pontificiorum
890 2865 1165 2938 archiatrorum
1184 2891 1313 2940 comes

308 2984 396 3074 fuit,
409 2985 594 3056 Antonius
611 2987 833 3081 Leprottus,
846 3009 928 3054 eam
946 2984 1132 3056 valvulam
1150 2983 1313 3085 diligen-

307 3103 467 3190 tissime,
489 3099 554 3173 sed
580 3097 739 3188 frustra,
758 3101 1017 3198 qu'aesiverant.
1038 3103 1230 3178 Universae
1249 3129 1316 3178 au·

308 3237 385 3294 tem
401 3219 502 3310 illius
526 3217 817 3308 observationis,
835 3235 1017 3318 quantum
1040 3241 1085 3291 ex
1102 3221 1164 3310 iis,
1186 3223 1315 3320 proxi-

309 3340 456 3436 misque
469 3336 597 3410 Planci
617 3335 749 3408 litteris
773 3337 925 3437 collegi,
951 3362 1098 3411 summa
1129 3337 1244 3438 digna
1261 3353 1316 3412 est

310 3480 394 3554 quae
402 3453 465 3524 hic
479 3452 582 3526 tibia
600 3477 660 3524 me
678 3454 942 3552 perscribatur.
1106 3453 1109 3458 ’

359 3573 417 3644 62.
438 3569 622 3646 Infantem
638 3571 718 3644 dies
729 3588 861 3645 natum
873 3571 974 3645 baud
984 3573 1145 3672 amplius
1161 3572 1317 3671 quinde-

312 3692 384 3764 cim
399 3713 502 3760 mors
518 3689 738 3779 sustulerat,
757 3689 824 3762 sed
834 3715 912 3788 quo
925 3678 1049 3790 morbi
1058 3715 1219 3790 genere,
1236 3715 1315 3762 non

313 3806 517 3880 constabat.
561 3805 748 3880 Cadavere
786 3809 1038 3906 perlustrato,
1082 3809 1315 3890 ventriculus

313 3925 418 3998 bono
437 3926 532 3996 lacte
556 3921 737 4016 refertus,
762 3926 932 4025 ipseque,
961 3941 998 4005 et
1024 3927 1166 4008 viscera
1189 3931 1316 4002 omnia
