2812 4656
217 423 224 440 x
262 451 333 525 228
421 473 468 520 nr
494 468 640 520 sacrans
663 471 709 518 m·
732 467 857 530 causis
881 469 1092 532 atoaroamr

259 589 345 663 cuia
374 584 583 685 Valsalvam
611 583 756 656 arteriae
791 583 984 679 injecisse,
1016 587 1264 682 cogentesis·

256 706 363 782 tendi
374 704 566 804 sanguinis
586 699 826 786 difficultate:
847 700 1042 774 hominem
1061 718 1193 802 postea
1205 705 1265 774 in-

257 824 447 898 columem
466 821 622 908 vixisse,
647 833 684 891 et
705 843 785 889 non
812 819 884 892 nisi
905 820 1100 918 trigesimo
1118 822 1267 894 circiter

255 931 342 1041 post
357 963 439 1012 eam
457 938 693 1010 curationem
704 959 807 1007 anno
819 935 921 1024 tabe,
941 951 979 1010 et
994 939 1109 1010 ascite
1124 937 1267 1011 confec·

254 1073 337 1132 tum
357 1080 459 1128 esse:
478 1077 524 1125 eo
543 1067 670 1126 autem
689 1051 848 1125 brachio
861 1053 1106 1151 quodlaesum
1125 1051 1265 1142 fuerat,

253 1200 334 1250 non
352 1163 459 1247 secus
474 1194 517 1243 ac
529 1171 664 1259 alter0,
678 1171 735 1242 uti
748 1171 1007 1259 consuevisse,
1021 1173 1164 1270 quippe
1178 1196 1265 1245 cum

251 1294 330 1392 jam
348 1291 496 1364 nullum
513 1290 543 1362 si
560 1302 766 1386 utrumque
784 1285 986 1360 brachium
1001 1289 1103 1362 inter
1119 1312 1159 1360 se
1175 1269 1266 1382 con·

252 1401 387 1500 ferres,
413 1408 616 1482 discrimen
641 1426 884 1505 agnosceres,
902 1432 951 1478 ne
977 1406 1018 1477 in
1044 1405 1159 1504 pulsu
1181 1409 1267 1504 qui-

252 1527 351 1601 dem,
372 1523 485 1618 Quod
507 1537 613 1594 tanto
630 1523 748 1620 magis
765 1522 982 1595 mirandum
1009 1538 1085 1610 est,
1104 1525 1266 1621 ,quiain

251 1645 393 1718 mortui
419 1641 670 1730 dissectione,
697 1664 786 1712 cum
816 1639 1019 1714 brachialis
1045 1641 1184 1714 arteria
1204 1667 1258 1740 ,eo

250 1764 338 1838 loco
352 1761 419 1834 ubi
439 1783 662 1856 aneurysma
683 1755 822 1848 fuerat,
842 1757 892 1830 ad
914 1772 1078 1830 tractum
1097 1757 1264 1832 duorum

250 1880 434 1980 pollicum
460 1879 617 1950 omnino
640 1876 805 1965 deesset,
835 1899 972 1973 nempe
991 1874 1129 1947 morbo
1150 1877 1263 1964 olim,

225 1999 227 2008 ’
251 1996 372 2085 ferro,
389 2011 426 2068 et
446 2020 542 2094 pure
562 1994 783 2092 absumpta,
814 1992 918 2064 nulla
940 1994 1104 2066 inveniri
1125 1985 1264 2090 arteria

135 2199 136 2206 ἵ
248 2117 373 2218 potuit
387 2139 470 2212 quae
488 2137 559 2212 pro
578 2114 659 2211 ipsa
679 2112 1063 2184 communicationem
1078 2113 1183 2184 inter
1200 2137 1263 2184 su-

248 2234 440 2334 periorem
467 2231 549 2328 ejus
571 2243 769 2318 truncum,
793 2243 830 2302 et
849 2227 1047 2317 radialem‚
1067 2228 1264 2328 ulnarem7

249 2375 326 2452 que
340 2350 493 2422 arterias
508 2361 674 2420 servaret
685 2361 822 2446 praeter
840 2369 977 2436 unam,
1001 2371 1162 2445 eamque
1182 2371 1263 2420 non

250 2469 374 2544 solum
392 2467 487 2538 mire
506 2464 735 2556 flexuosam,
755 2464 820 2538 sed
833 2479 989 2536 tenuem
1004 2464 1121 2552 adeo,
1139 2481 1183 2538 ut
1200 2463 1265 2558 diss

246 2584 457 2658 ficillimum
466 2583 512 2654 sit
519 2582 729 2671 intellectu,
743 2581 939 2680 quomodo
946 2582 1096 2655 radialis
1111 2588 1262 2675 arteria,

247 2700 430 2776 influente
444 2714 522 2772 tam
543 2723 667 2798 pauco
687 2701 891 2799 sanguine,
921 2715 959 2772 et
977 2725 1047 2798 per
1063 2715 1122 2774 tot
1139 2700 1259 2776 flexus

246 2819 443 2907 traducto,
460 2842 565 2915 aeque
583 2818 733 2916 pulsare
746 2843 788 2890 ac
807 2819 925 2890 altero
942 2819 982 2912 iu
997 2817 1156 2892 brachio
1176 2845 1261 2920 pos·

248 2953 322 3028 set,
338 2952 421 3010 tum
441 2961 545 3035 aeque
568 2961 647 3010 esse
672 2935 876 3026 brachium
903 2951 1111 3036 utrumque
1131 2954 1170 3012 et
1189 2966 1259 3012 nu·

244 3059 394 3145 tritum,
410 3069 448 3128 et
465 3054 685 3142 robustum,
704 3070 768 3126 aut
782 3071 883 3128 certe
896 3054 943 3128 ad
960 3056 1130 3152 actiones
1151 3081 1257 3156 aeque

243 3174 436 3248 idoneum.
466 3177 511 3244 Et
536 3175 689 3244 inventa
712 3172 868 3270 quidem
895 3188 951 3246 est
970 3197 1013 3246 ea
1042 3197 1130 3272 pars
1151 3179 1258 3250 nervi

245 3317 328 3392 quae
354 3293 537 3362 intractu
559 3288 625 3360 illo
653 3288 789 3362 eodem
807 3306 886 3362 erat
915 3290 956 3361 in
983 3289 1061 3388 quo
1090 3291 1262 3388 diximus,

242 3407 473 3482 brachialem
515 3407 689 3478 arteriam
731 3405 914 3497 defuisse,
950 3409 996 3502 in·
1025 3411 1255 3506 praegrandis

245 3524 385 3626 ganglii
405 3522 561 3594 modum
581 3522 821 3628 ampiificata.
852 3525 925 3596 Sed
944 3526 1014 3628 etsi
1039 3529 1147 3597 nervi
1176 3529 1256 3625 ejus

243 3644 343 3716 vires
367 3642 419 3714 sic
434 3642 563 3740 augeri
582 3646 747 3739 potuisse
766 3643 1014 3734 existimarem
1035 3657 1165 3716 tamen
1179 3647 1255 3742 jus·

242 3775 326 3835 tum
341 3751 602 3832 musculorum
614 3758 750 3850 robur,
771 3775 808 3832 et
826 3761 989 3858 partium
1002 3762 1252 3860 nutritionem

244 3893 283 3953 et
306 3879 527 3950 arteriarum
553 3879 759 3976 praesertim
788 3878 942 3976 pulsum
968 3879 1049 3976 sine
1067 3879 1168 3974 justa
1194 3879 1251 3977 in·

241 3994 393 4070 fluentis
417 4019 573 4095 quoque
597 3995 788 4094 sauguinis
820 3997 951 4094 copia,
977 3996 1169 4096 justoque.
1182 3997 1256 4090 1¹¹¹:
