2828 4652
154 444 227 492 Lm.
244 443 302 491 111.
330 442 377 490 DE
402 439 540 490 nonnis
563 443 736 508 nortus,
759 443 871 493 EPIS'I'.
889 447 1016 496 vasst.
1049 447 1114 521 127

105 554 397 655 producuntur,
414 553 583 644 videbis,
612 573 725 653 quam
749 553 856 628 facile
883 581 1116 658 apraegnana

104 674 203 745 tium
215 673 485 772 imaginatione
501 671 565 744 illa
583 687 821 771 repetantur,
841 689 878 746 et
896 689 988 748 tunc
1005 677 1117 750 etiarn

107 811 200 863 cum
227 815 250 862 a
270 790 451 862 'violentia
474 791 652 888 quapiam
680 805 833 863 externa
865 791 1003 864 deduci
1030 795 1117 868 eatis

108 921 286 1006 possent,
302 921 428 1005 partes
450 924 524 978 suae
549 907 811 1004 imaginationi
847 933 1003 1007 quoque
1033 911 1119 984 assi·

109 1040 287 1124 gncntur.
304 1027 395 1145 Qnae
411 1027 559 1098 tametsi
580 1015 743 1124 probare
771 1051 851 1098 non
868 1051 1046 1126 possum3
1063 1044 1120 1102 cst

108 1153 238 1215 tomen
255 1143 419 1216 vicissim
436 1142 504 1214 ubi
517 1142 650 1216 durius
670 1142 765 1214 mihi
781 1143 954 1218 videatur
971 1169 993 1216 a
1012 1156 1118 1217 com-

110 1261 221 1336 mtrni
237 1260 308 1332 ista
332 1262 488 1332 sommis
505 1262 616 1333 etiarn
634 1261 723 1332 viris
749 1262 935 1333 sententia
962 1283 1119 1359 prorsus

111 1377 316 1454 discedere.
346 1379 437 1470 Qoae
468 1377 720 1450 Boerhoavius
748 1376 825 1475 (1)⁴
856 1403 938 1476 quae
966 1379 1119 1452 Swietc·

110 1495 199 1568 nius
210 1494 282 1592 (a),
299 1519 383 1594 qnae·
398 1495 461 1576 olii
481 1517 631 1595 graves,
656 1511 904 1595 spectatoque
920 1494 1009 1568 fidei
1031 1521 1117 1570 anca

110 1628 216 1686 tores
228 1611 276 1684 ab
291 1637 330 1685 ee
352 1629 554 1713 conspecta
569 1613 616 1686 de
631 1613 706 1686 hoc
719 1635 857 1713 genere
871 1611 984 1685 fuisse
999 1615 1120 1705 aiunt,

112 1755 230 1807 nemo
247 1754 320 1830 pro
331 1733 430 1804 veris
444 1755 524 1802 non
537 1731 706 1829 accipiet.
734 1731 886 1830 Singula
905 1729 952 1802 ab
967 1738 1119 1804 interno

113 1833 208 1922 'vitio
219 1848 461 1952 aliquopoeee
475 1845 699 1924 aliasfier'csi
712 1848 1028 1946 quiscontendat‚
1039 1839 1119 1920 non

116 1963 709 2066 pertinaciternegabo.Sedtunc
726 1964 897 2036 indidem
916 1962 1009 2036 faeta
1021 1985 1120 2052 csse,
1165 2033 1169 2044 ,

117 2099 199 2154 non
214 2096 350 2181 potero
368 2079 455 2154 facil
478 2079 597 2154 fateri.
621 2081 758 2154 Incidit
774 2083 814 2152 in
829 2083 910 2154 nesi
925 2081 1120 2180 globulum

115 2201 346 2300 prognantis
356 2198 518 2272 foeminae
532 2201 631 2272 mori
642 2199 776 2290 bacca,
790 2215 827 2272 et
841 2197 964 2271 infans
978 2199 1122 2297 prodit,

116 2319 156 2392 in
170 2319 279 2415 cuiue
296 2320 376 2394 nati
393 2316 549 2417 globulo
569 2318 669 2390 mori
688 2332 807 2390 exstat
825 2316 955 2405 bacca,
978 2318 1122 2416 magni·

113 2435 272 2524 tudine,
308 2435 458 2526 colore,
485 2434 730 2508 subrotundis
759 2435 895 2526 acinis,
922 2434 1121 2524 scabritie,

114 2555 358 2651 minimisque
378 2553 465 2652 pilis
480 2555 651 2652 perfecte
676 2576 865 2651 expressa.
896 2558 941 2624 In
970 2554 1122 2626 alterius

115 2670 276 2770 gravidae
293 2671 479 2742 cervicem
496 2695 541 2744 cx
564 2670 700 2743 arbore
722 2670 861 2744 decidit
882 2695 1012 2760 eruca,
1040 2695 1123 2769 quae

116 2813 213 2886 aegre
231 2787 320 2860 inde
334 2789 501 2859 amoveri
519 2790 666 2889 potuit,
689 2803 727 2862 et
743 2789 869 2886 puella
893 2790 1060 2881 nascitur
1083 2791 1123 2861 in

117 2907 229 3003 cujus
248 2907 403 2978 cervicis
425 2922 510 2978 cute
528 2907 722 3007 prominet
731 2929 850 2978 erucae
861 2905 1002 3006 effigies
1012 2909 1123 2981 variis

119 3023 332 3114 coloribus,
349 3025 483 3096 erectis
492 3024 599 3122 pilis,
619 3022 759 3114 verbe,
777 3026 829 3097 sic
847 3049 1073 3098 veraeerucae
1084 3026 1125 3098 si-

118 3141 233 3230 milis,
242 3157 285 3216 ut
296 3167 347 3214 ne
362 3167 470 3216 ovum
479 3143 637 3240 quidem
655 3167 725 3216 ovo
742 3144 980 3224 simt'liusesse
989 3148 1123 3241 possit.

118 3261 202 3336 ntia
210 3261 428 3334 mendicum
443 3261 550 3334 labiis
564 3261 747 3360 leporinis
763 3259 971 3332 deformem
989 3261 1121 3358 aspicit

121 3401 204 3450 non
213 3379 292 3451 sine
309 3379 487 3469 horrore,
510 3395 547 3452 et
562 3365 684 3450 filinm
698 3378 792 3467 edit,
809 3379 906 3450 labia
915 3376 1057 3450 fissuris
1067 3378 1129 3451 de·

122 3494 306 3586 formata,
323 3498 457 3570 visisin
468 3498 645 3570 mendico
656 3502 771 3568 etiam
788 3496 844 3568 ad
861 3496 1126 3569 dimensionem

165 3871 212 3949 (1)
231 3873 362 3930 Praelect.
378 3873 416 3930 ad
426 3871 557 3930 Institut.
572 3876 587 3942 s
603 3872 671 3948 694.

165 3991 213 4072 (α)
232 3992 397 4049 Comment.
410 3991 442 4048 in
454 3987 561 4050 Boerh.
576 3989 681 4068 apher.
695 3995 710 4062 S
727 3990 801 4061 1075
815 3991 892 4047 adr.
