2816 5282
272 385 345 458 616
440 411 486 460 uu
512 407 660 456 sentens
685 409 730 456 er
755 408 880 458 causis
904 407 1116 494 uornonuu

272 522 447 622 plerique
474 523 719 622 plebeiorum
749 521 816 596 hio
848 524 990 614 solent3
1014 541 1095 598 erat
1120 523 1264 596 enimis
1359 497 1360 584 l

273 639 484 729 dies‚anno
501 639 603 739 1745.
617 644 742 714 Noctu
757 641 920 740 denique
937 643 1098 716 averbis
1116 643 1161 714 ad
1177 663 1264 712 arma

273 773 430 839 ventum
452 774 517 832 est.
537 761 685 832 Primus
705 755 802 832 forte
820 758 939 847 cadit,
965 761 1108 860 quippe
1128 759 1264 833 claudus

273 891 358 949 artu
369 877 536 950 dextero.
554 877 659 950 Alter
670 875 828 973 jacentis
848 875 971 948 lemur
988 879 1181 952 sinistrum
1199 876 1265 948 cul·

273 1009 334 1066 tro
360 995 553 1084 vuluerat,
576 1010 689 1094 atque
704 1053 707 1064 .
722 996 817 1067 adeo
843 995 1135 1070 transverberat.
1163 997 1266 1068 Cultri

275 1113 375 1184 enim
389 1138 530 1206 *mucro
543 1114 658 1212 paulo
675 1137 789 1212 supra
810 1137 911 1212 genu
926 1137 946 1185 a
960 1114 1076 1186 latere
1097 1115 1267 1186 anteriore

274 1229 426 1303 interno
446 1231 616 1316 subiens,
634 1231 780 1304 alatere
802 1219 1013 1329 posteriore
1027 1249 1186 1305 externo
1198 1255 1268 1331 pro·

268 1347 403 1422 dierat.
432 1354 570 1448 Ingens
594 1351 778 1422 continuo
796 1375 865 1448 per
883 1367 1092 1449 utrumque
1120 1351 1270 1422 vulneris
1359 1415 1360 1444 q

275 1465 462 1538 orificium
475 1466 732 1564 iitsanguinis
745 1465 897 1556 effusio,
919 1495 1018 1568 quae,
1041 1486 1087 1542 ut
1108 1495 1183 1540 nox
1205 1481 1271 1540 erat
1359 1449 1360 1466 ¹

275 1587 518 1684 intempesta,
539 1584 587 1656 ab
608 1587 653 1659 iis
673 1588 740 1684 qui
756 1587 930 1671 aderaut,
944 1613 1034 1659 -non
1051 1587 1171 1660 modo
1186 1585 1271 1656 inhi-
1359 1647 1360 1650 ,

274 1703 359 1775 beri
370 1728 450 1780 non
470 1704 611 1803 potuit,
633 1704 763 1778 sedne
781 1706 965 1778 retardari
985 1706 1143 1804 quidem
1158 1705 1271 1778 tantis·

275 1845 361 1921 per,
378 1838 421 1894 ut
436 1824 535 1894 intra
555 1847 617 1894 sex
635 1838 826 1922 septemve
840 1822 954 1896 horas
967 1825 1113 1912 virum,
1125 1824 1271 1920 donique

275 1942 317 2012 in
336 1942 599 2015 nosocomium
620 1941 788 2030 illatum,
814 1967 895 2012 non
919 1941 1150 2014 absumeret.
1177 1939 1272 2014 Cada-

277 2085 345 2135 ver
361 2084 549 2148 macrum,
569 2059 633 2132 sed
650 2060 749 2131 intra
769 2060 936 2132 sanitatis
960 2059 1142 2149 modum,
1161 2057 1271 2132 studiis

278 2194 358 2280 erat
388 2180 528 2250 nostris
559 2170 839 2279 opportunum,
867 2193 1018 2276 tempus
1044 2194 1184 2252 autem·
1201 2176 1272 2250 anni

201 2369 203 2374 .
279 2296 382 2369 haud
409 2299 685 2395 importunum.
713 2301 845 2394 Itaque
862 2296 1006 2386 idibus,
1024 2311 1061 2369 et
1082 2297 1214 2370 diebus
1228 2297 1273 2364 in·

280 2414 527 2514 sequentibus
538 2415 738 2517 diligenter
749 2417 1019 2514 persecuimus.
1039 2417 1115 2488 Sed
1128 2417 1272 2512 aliaque

280 2533 561 2623 adnotavimus,
579 2535 619 2604 in
638 2532 710 2604 alia
731 2535 885 2634 scripta,
900 2533 1019 2632 ipsius
1039 2549 1166 2607 autem
1188 2533 1273 2605 clau·

171 2697 174 2702 -
279 2652 478 2722 dicationis
493 2665 729 2748 perspectam
742 2675 894 2724 causam
911 2652 951 2721 in
967 2651 1057 2724 alias
1078 2651 1216 2724 litteras
1229 2647 1271 2746 (t)

277 2768 480 2865 rejicimus.
500 2770 610 2839 Nunc
623 2783 755 2840 caetera
771 2767 1039 2842 adscribemus.
1061 2775 1109 2842 Et
1124 2771 1270 2868 primun

279 2907 455 2964 accurate
472 2891 652 2990 adaperto
669 2893 842 2980 vulnere,
858 2909 970 2965 tantas
990 2893 1184 2990 sanguinis
1199 2886 1271 2963 ellu-

278 3011 1270 3109 sioniscausainconspectmusededit.Cruralemcnim

278 3133 470 3216 arteriam,
504 3129 550 3200 ad
583 3129 768 3228 poplitem
795 3129 1108 3220 contendentem,
1136 3130 1270 3204 sociam·

279 3274 353 3347 que
370 3249 449 3345 ejus
465 3237 620 3336 veriam,
638 3272 774 3345 magna
791 3273 835 3320 ex
850 3264 956 3347 parte
975 3250 1014 3319 in
1032 3263 1267 3322 transversum

277 3367 413 3450 incisas
433 3365 765 3464 deprehendimus.
798 3371 843 3436 Iu
864 3382 998 3440 ventre
1022 3393 1141 3466 porro
1163 3387 1268 3436 omen·

277 3497 358 3554 tum
372 3481 564 3554 moderate
578 3483 735 3580 pingue,
751 3509 771 3554 a
789 3482 929 3555 dextris
946 3498 1030 3555 'erat
1050 3485 1266 3578 sinistrisque
1359 3569 1360 3584 χ

276 3602 323 3674 ad
361 3600 612 3672 ventriculum
646 3617 884 3688 retractum:
921 3601 984 3674 hic
1016 3604 1108 3674 vino
1132 3602 1265 3700 plenus;
1359 3603 1360 3620 ³

275 3708 421 3792 nullum
445 3735 570 3790 tamen
591 3717 813 3817 chylilerum
831 3720 1025 3792 vasculum
1050 3745 1120 3818 per
1137 3739 1263 3790 meseu-
1359 3743 1360 3788 l

310 3958 354 4037 (ι)
375 3959 470 4034 Epist.
490 3957 542 4032 56,
558 3980 589 4016 n.
610 3967 657 4027 14.

215 4539 1360 4678 ‘mm-..d
