2828 4652
284 453 353 528 ¹7⁰
448 451 494 497 nn
520 443 666 497 scurrus
691 446 735 494 rr
760 433 886 495 causis
911 433 1122 496 notrorum

278 585 433 665 parvus,
449 587 556 660 aequo
574 576 654 632 erat
678 563 863 650 crassior,
883 559 931 632 ad
951 561 1117 634 medinm
1135 583 1295 658 praeser-

200 779 202 782 .
278 685 366 771 tim,
390 696 426 752 ct
446 693 699 780 praeterquam
728 680 836 777 quod
865 680 1018 752 vincula
1045 677 1293 753 membranea

280 825 350 900 per
366 813 447 897 quae
459 791 556 871 wcum
575 797 859 897 diaphragmate
884 801 1071 887 nectitur,
1098 799 1180 898 ipsa
1196 821 1294 896 quo-

281 943 357 1016 que
376 919 495 1016 magis
507 915 602 989 facta
623 931 730 988 erant
755 937 879 988 crassa
906 931 1020 1014 quarn
1039 915 1178 1004 solent,
1192 916 1295 987 tunib

200 1039 213 1059 ³
282 1059 363 1108 carn
389 1035 554 1107 habebat
579 1036 618 1105 in
638 1034 764 1107 medio
784 1036 868 1134 ipso
889 1032 995 1108 faciei
1014 1049 1192 1107 convexae
1213 1059 1293 1105 non

281 1153 400 1226 modo
413 1177 573 1225 crassam
585 1155 743 1252 pariter,
761 1155 1022 1226 verumetiam
1040 1154 1174 1225 duram
1188 1167 1294 1224 tanto

282 1273 403 1371 spatio
415 1287 599 1368 quantum
616 1273 780 1346 circulus
793 1287 1018 1373 occuparet,
1033 1273 1141 1370 cnjus
1154 1271 1296 1342 dianae*

282 1406 340 1464 ter
358 1391 419 1460 vix
434 1390 587 1461 brevior
608 1405 703 1463 esset
730 1379 883 1464 dnobus
907 1391 1129 1464 transversis
1152 1387 1296 1488 digitis,
1369 1375 1372 1380 λ

286 1509 381 1606 quin
393 1509 503 1578 etiam
515 1507 677 1606 quadam
693 1510 804 1606 spatii
816 1509 915 1582 illius
925 1524 1033 1608 parte
1044 1509 1122 1605 jam
1135 1525 1296 1594 osseam,

285 1625 332 1697 ad
345 1650 459 1723 quarn
471 1651 638 1698 annexus
651 1642 730 1698 erat
742 1628 901 1700 interius
914 1626 1069 1726 quidam
1084 1626 1196 1724 quasi
1205 1624 1300 1696 vasis

284 1759 465 1832 truncus,
483 1747 561 1844 ipse
589 1767 744 1842 quoque
768 1741 909 1834 durus,
931 1746 971 1816 in
995 1745 1106 1818 lienis
1128 1741 1300 1816 substan·

283 1863 375 1933 tiam
399 1857 601 1960 pertinens.
633 1867 714 1933 Hoc
744 1865 856 1936 etiam
887 1863 933 1935 ad
961 1864 1101 1936 lienem
1128 1877 1301 1960 spectans

285 1979 488 2052 adnotavi:
508 1982 643 2053 arteria
662 1983 789 2081 ipsum
810 1996 943 2081 petens
970 2007 1079 2081 aequo
1100 1980 1300 2079 angustior

285 2100 476 2172 acoeliaca
496 2099 543 2172 ad
561 2099 767 2201 digitorum
782 2093 927 2198 aliquot
944 2113 1087 2174 tactum
1101 2097 1300 2198 pergebat,
1388 2172 1391 2183 ,

286 2217 409 2290 donec
428 2217 494 2290 ubi
513 2219 552 2288 in
582 2219 728 2316 piures,
749 2235 793 2290 ut
823 2197 940 2309 solet,
960 2219 1079 2292 flexus
1095 2215 1301 2317 incipiebat

288 2359 326 2407 sc
347 2351 622 2432 contorquere,
638 2336 691 2408 ibi
708 2337 820 2408 latior
832 2331 949 2410 fieret.
970 2339 1101 2410 Vesica
1119 2336 1215 2407 lotio
1234 2335 1302 2406 dis·

286 2467 412 2541 tenta,
431 2469 474 2524 ut
493 2475 606 2551 supra
624 2454 774 2552 pubem
786 2477 824 2527 se
847 2455 1052 2542 attolleret,
1073 2455 1223 2526 tunicas
1237 2451 1302 2524 ha·

287 2569 372 2642 huit
384 2593 540 2642 crassas:
561 2571 701 2668 quibus
717 2593 832 2644 manu
849 2573 1095 2670 compressis,
1114 2569 1212 2642 illud
1225 2592 1302 2639 non

288 2685 396 2760 tacite
414 2687 556 2777 exibat,
573 2705 615 2762 ut
633 2709 747 2762 omne
769 2691 928 2788 exprimi
952 2715 1030 2762 non
1049 2690 1238 2789 potuerit,
1255 2711 1302 2758 an

289 2805 340 2878 oh
358 2821 561 2904 prostatam
585 2809 802 2906 glandularn
818 2808 1107 2907 amplificatam,
1126 2809 1225 2880 etin
1246 2829 1305 2876 ve·

202 2906 206 2914 s
289 2926 373 2996 sicta
384 2947 476 2995 cavo
494 2927 638 2998 circum
651 2927 813 2999 urethroe
828 2925 1016 3000 orificium
1030 2926 1202 3024 undiq'ue
1218 2947 1303 3023 pro·

291 3041 558 3114 tuberantern?
581 3045 709 3141 quain
728 3045 906 3142 glandula
927 3045 1021 3143 quid
1041 3041 1304 3143 deprehende·

291 3161 380 3251 rim,
408 3161 565 3258 epistola
582 3163 659 3258 jam
686 3167 870 3262 scripturn
899 3143 955 3236 est
975 3167 1092 3236 XLIV
1112 3161 1178 3260 (1).
1209 3161 1306 3232 Tho-

294 3301 403 3367 race,
429 3294 467 3350 et
488 3279 702 3376 pericardio
727 3285 888 3380 apertis,
920 3305 987 3354 cor
1012 3281 1175 3354 vidimus
1199 3279 1304 3350 omni

292 3394 524 3494 pinguedine
560 3397 760 3489 orbatum,
793 3400 919 3471 lurida
958 3397 1073 3490 facie,
1109 3423 1182 3470 nec
1212 3396 1302 3469 laevi.

293 3517 430 3612 Magna
446 3517 581 3587 arteria
596 3518 763 3592 valvutas
778 3518 912 3590 habuit
933 3515 1126 3590 duriores:
1147 3519 1228 3616 ipsa
1246 3539 1306 3586 au·

294 3646 371 3704 tarn
393 3632 545 3704 modico
561 3657 674 3734 snpra
693 3635 761 3709 has
780 3636 978 3710 intervallo
1002 3633 1215 3736 grandibus·
1237 3629 1304 3705 suh
