2872 4660
326 410 373 482 so
489 433 535 479 nr
561 429 707 479 savinus
732 431 776 475 rr
802 427 927 478 causrs
953 408 1164 480 noaaoauu

326 550 550 620 instructum
567 560 673 618 esset.
692 548 744 616 Ex
755 559 887 618 ventre
903 562 1027 619 autem
1047 571 1157 620 renes
1175 572 1255 620 non
1279 573 1333 622 sa·

241 749 245 758 Ι
325 667 479 738 nissima
495 661 715 761 superficie,
730 678 773 734 ut
791 664 917 735 minus
939 666 1095 738 miratus
1110 669 1201 756 sim,
1221 655 1333 766 'quod

324 785 469 870 vesica,
491 783 530 852 in
553 806 629 879 qua
645 780 850 878 plurimum
881 783 962 854 lotii
986 780 1124 872 fuerat,
1145 787 1333 857 cervicem

323 901 421 974 bene
437 900 565 972 multis
585 895 806 996 sanguiferis
831 901 991 972 vasculis
1020 900 1236 974 distinctam
1263 902 1332 974 ha-

324 1020 441 1092 beret.
462 1023 609 1090 Testem
626 1016 822 1088 dexterum
853 1017 1087 1116 turgidulum
1112 1045 1191 1091 non
1223 1045 1333 1094 secus

230 1213 233 1221 ,
259 1135 279 1180 ·‘
325 1141 416 1211 acsi
438 1129 724 1208 adolescentula
737 1133 887 1220 fuisset3
903 1135 968 1208 sed
986 1136 1172 1210 distentus
1191 1155 1271 1211 erat
1284 1139 1332 1211 ab
1351 1169 1355 1173 ·

323 1255 466 1326 inclusa
481 1277 560 1324 non
574 1277 689 1351 parva
704 1251 893 1350 hydatide.
915 1257 1035 1325 Imam
1056 1257 1201 1354 spinam
1222 1256 1332 1330 deni·

325 1398 399 1471 que
417 1374 467 1444 ita
488 1371 701 1460 distortam,
719 1386 763 1442 ut
780 1369 1017 1443 dextrorsum
1043 1387 1173 1445 uterus
1197 1399 1332 1475 verge-

265 1493 266 1499 '
323 1505 381 1564 ret
386 1488 1332 1637 ,sinistraautemiliacavenalongiorduploesset,

329 1633 444 1708 quam
457 1607 618 1680 dextera.

375 1711 433 1802 35.
450 1725 592 1802 Vetulae
612 1725 963 1824 alteriusgibbosae,
984 1751 1028 1798 ex
1045 1725 1229 1800 diuturno
1249 1754 1334 1828 gra·

326 1847 556 1942 vissimoque
576 1845 695 1918 cruris
710 1845 838 1922 ulcere
855 1842 997 1917 ibidem
1015 1861 1188 1935 mortuae,
1200 1873 1333 1939 renes,

325 1980 362 2038 et
391 1963 564 2063 genitalia
592 1962 725 2034 eodem
759 1959 875 2033 ferme
907 1965 997 2033 anni
1029 1978 1233 2064 tempore,
1265 1967 1333 2038 sed

321 2083 478 2156 biennio
491 2095 594 2172 ante,
613 2079 660 2150 ad
674 2080 784 2151 mein
796 2081 1031 2179 gymnasium
1043 2082 1151 2155 allata
1164 2081 1329 2156 fuerant.

321 2206 403 2272 Ren
416 2198 546 2272 dexter
559 2197 722 2270 naturali
734 2197 889 2295 quidem
901 2214 979 2270 erat
994 2197 1115 2272 forma
1131 2216 1167 2274 et
1184 2205 1333 2301 magni-

324 2318 467 2391 tudine.
500 2317 655 2388 Sinister
685 2339 797 2403 vero,
834 2341 922 2388 cum
948 2318 1072 2416 ipsum
1090 2319 1334 2450 longitudine

323 2451 507 2568 aequare-t,
524 2433 722 2504 latitudine
742 2448 821 2505 erat
846 2449 952 2506 tanto
972 2437 1127 2524 minori,
1147 2451 1191 2508 ut
1208 2463 1251 2510 ea
1272 2463 1334 2512 res

322 2553 542 2624 inomnium
553 2551 682 2624 oculos
696 2553 819 2623 statim
836 2553 1058 2626 incurreret.
1068 2558 1168 2628 Num
1185 2553 1237 2626 ob
1255 2558 1334 2655 spi-

322 2695 410 2742 nam
433 2669 481 2741 ad
512 2669 723 2766 superiores
748 2668 967 2742 lumborum
997 2670 1191 2745 vertebras
1219 2675 1333 2748 sinis-

222 2809 228 2822 '
321 2787 487 2864 trorsum
508 2802 739 2876 contortam,
753 2787 880 2861 dicere
896 2814 976 2860 non
992 2813 1147 2887 possum
1161 2844 1170 2880 ,
1184 2793 1253 2889 qui
1269 2817 1334 2864 ca-

322 2908 436 2980 da'ver
462 2907 585 3004 ipsum
613 2930 693 2976 non
721 2903 891 2978 viderim.
919 2904 1080 2981 Inferius
1111 2924 1211 2982 certe
1238 2911 1332 2984 dex-

197 3025 211 3045 ²
320 3043 487 3100 trorsum
513 3023 607 3096 adeo
624 3019 933 3121 intorquebatur,
970 3041 1013 3098 ut
1038 3027 1078 3098 in
1098 3028 1200 3100 idem
1231 3029 1331 3103 latus

318 3145 504 3248 penderet
515 3160 663 3214 uterus:
680 3142 785 3241 quod
797 3142 912 3239 hujus
923 3145 1117 3244 vinculum
1130 3161 1229 3219 teres
1241 3145 1329 3218 dex-

317 3279 459 3353 terum,
480 3261 600 3334 multo
621 3285 734 3358 quam
751 3262 965 3350 sinistrum,
984 3262 1135 3336 brevius
1156 3265 1332 3338 ostende-

318 3381 409 3454 bat:
430 3361 538 3478 cujus
560 3379 754 3451 brevitatis
775 3394 819 3451 ut
837 3379 932 3450 mihi
948 3379 1062 3452 fidem
1090 3380 1211 3454 facere
1240 3407 1332 3481 pos·

320 3513 404 3572 sent
422 3499 489 3594 qui
505 3522 526 3569 e
542 3521 703 3594 corpore
720 3496 962 3588 ademerant,
984 3498 1197 3572 abdominis
1216 3504 1331 3598 parti·

218 3713 221 3720 .
319 3615 463 3702 culam,
484 3639 688 3712 perquam
714 3639 734 3685 e
757 3631 888 3689 ventre
915 3616 1159 3716 erumpebat,
1185 3617 1241 3687 illi
1266 3643 1332 3690 an·

318 3759 452 3805 nexam
469 3733 711 3831 reliquerant.

368 3850 425 3922 36.
445 3847 503 3919 Ob
514 3851 642 3920 teretis
659 3849 811 3921 alterius
827 3851 970 3922 vinculi
988 3850 1211 3924 brevitatem
1229 3867 1331 3926 trac·

320 3984 402 4039 tum
423 3968 462 4038 in
475 3965 514 4036 id
531 3965 629 4038 latus
647 3980 798 4038 uterum
818 3969 856 4038 in
874 3968 996 4044 tribus
1013 3985 1141 4044 tamen
1167 3969 1248 4044 aliis
1273 3968 1329 4044 fe·
