2854 4660
298 407 369 483 316
462 431 508 478 on
534 431 680 485 sununs
702 433 748 486 nr
773 431 897 481 causas
922 427 1134 478 nonnosum

301 557 407 630 sunt,
429 567 508 616 esse
527 545 685 640 aliquas,
705 561 747 619 ut
768 569 789 616 a
813 545 938 642 primo
964 543 1167 630 videntur,
1187 533 1311 618 Jexos·

300 676 418 750 toses,
438 687 520 759 quae
541 662 638 732 nihil
667 688 797 734 revera
823 665 916 749 siut,
942 664 1014 736 nisi
1031 663 1251 760 ligamenta,
1275 676 1312 734 et

299 778 491 868 tendines,
512 805 675 877 quorum
707 805 727 850 a
752 780 976 852 subsistente
998 781 1154 850 materia
1176 781 1312 850 crassi-

299 895 393 968 tudo
411 913 448 982 ·et
466 898 621 972 durities
641 913 777 985 anctae,
798 901 891 970 ossis
909 897 956 969 ad
978 897 1083 994 quod
1103 895 1313 968 attendun-

300 1027 379 1100 tur,
402 1029 590 1086 tumorem
616 1019 856 1088 mentiantur.
890 1015 1028 1104 Quales
1052 1031 1139 1112 post
1167 1015 1313 1102 ictum,

301 1131 551 1222 luxationem,
585 1133 719 1206 aliasve
735 1133 921 1229 ejusmodi
941 1135 1176 1204 extrinsecus
1192 1132 1314 1204 illatas

301 1250 457 1345 injurias
474 1251 679 1347 aliquando
693 1266 922 1337 occurrunt,
955 1265 992 1321 et
1010 1250 1313 1334 innobilissimo

302 1365 458 1455 abbate,
477 1369 618 1465 collega
632 1385 763 1440 nostro
777 1422 786 1453 ‚
816 1370 1018 1465 praesertim
1038 1367 1313 1454 occurrebant,

305 1486 366 1556 cui
389 1501 474 1582 post
500 1485 666 1556 luxatum
696 1512 738 1556 ac
766 1489 974 1583 repositum
1005 1485 1141 1584 pedem
1178 1483 1248 1556 diu
1275 1487 1314 1554 in

306 1627 455 1674 summo
478 1602 591 1699 hujus
610 1603 723 1676 dorso
744 1620 845 1675 tauta
861 1619 964 1674 certo
984 1603 1068 1674 loco
1085 1603 1248 1675 durities
1261 1629 1318 1674 ex·
1406 1631 1407 1698 }

306 1723 416 1808 stitit,
432 1735 475 1792 ut
488 1747 529 1793 os
545 1721 698 1818 aliquod
710 1738 812 1793 extra
831 1747 934 1793 suam
949 1719 1074 1793 sedem
1088 1722 1316 1818 prominens

302 1837 493 1935 plerisque
512 1837 724 1926 videretur,
743 1864 855 1935 quam
874 1853 999 1910 tamen
1012 1853 1143 1908 'cerata
1171 1839 1315 1935 gummi

304 1957 582 2028 ammoniacum
600 1955 794 2044 habentia,
812 1972 962 2053 tempus
981 1971 1018 2026 et
1031 1953 1243 2026 ambulatio
1258 1979 1315 2052 pe·

304 2075 406 2145 nitus
420 2073 584 2169 denique
604 2073 847 2144 sustulerunt.
870 2077 947 2144 Nec
965 2073 1043 2144 aliae
1063 2071 1223 2144 fortasse
1237 2071 1315 2143 fue-

305 2207 394 2263 runt
410 2206 598 2284 exustosets
610 2191 680 2260 illae
700 2216 794 2287 quas
809 2189 855 2263 ab
877 2191 1011 2289 seipso
1030 2190 1246 2280 secuudum
1264 2191 1315 2260 in·

303 2307 436 2380 fimum
449 2323 653 2404 utrumque
671 2308 840 2380 cubitum
852 2309 918 2380 diu
934 2323 1091 2407 gestatas
1108 2307 1246 2380 scribit
1255 2311 1312 2378 Se-

305 2426 545 2521 verinus(1),
573 2441 783 2523 perpetuo,
808 2427 899 2498 dum
926 2429 971 2498 iis
991 2427 1241 2514 inniteretur,
1261 2428 1312 2496 in·

306 2543 613 2630 commodantes,
642 2543 763 2614 donec
783 2559 869 2641 post
895 2543 1039 2648 aliquot
1065 2567 1190 2614 annos
1210 2541 1313 2640 nullo

204 2714 207 2719 .
305 2659 473 2730 remedio
497 2675 584 2730 sunt
610 2659 792 2739 discussae.
816 2666 884 2732 Eas
908 2663 948 2730 iu
974 2661 1175 2754 jumentis,
1200 2662 1315 2749 ait,'a

305 2777 537 2848 veterinariis
549 2801 744 2876 soprosm,
765 2779 871 2874 quasi
887 2802 999 2876 super
1015 2801 1100 2847 ossa
1114 2779 1250 2866 factos
1263 2801 1316 2846 ao

306 2917 426 2964 cessus
447 2893 522 2966 dici
534 2907 761 2968 consuevisse
779 2922 789 2964 .·
809 2921 922 2993 quem
947 2895 1077 2966 locum.
1091 2897 1314 2968 exinnomi-

306 3026 396 3082 nato
413 3027 565 3084 auctore
586 3027 671 3109 post
692 3013 763 3083 alia
787 3013 988 3100 nonnulla,
1003 3039 1086 3110 quae
1106 3037 1197 3084 mox
1214 3012 1313 3111 apud

306 3131 525 3226 Severinum
543 3130 718 3201 eumdem
737 3146 964 3228 sequuntur,
980 3156 1068 3204 cum
1082 3130 1313 3204 describeret

308 3247 528 3344 Stalpartius
554 3250 566 3336 l
596 3246 625 3342 ),
653 3249 790 3317 mirum
813 3263 868 3320 est
891 3257 1003 3345 quam
1025 3248 1122 3318 male
1151 3247 1314 3318 italicam

307 3389 439 3435 vocem
461 3366 561 3452 illam
582 3389 753 3462 soprosso
775 3367 826 3438 sic
847 3367 1088 3452 intellexerit,
1117 3379 1159 3436 ut
1179 3372 1314 3436 ossium
1332 3349 1336 3362 ’

308 3481 625 3552 exulcerationem
651 3481 792 3555 diceret
818 3481 1037 3580 siguificare.
1064 3485 1206 3554 Verum
1230 3497 1313 3553 uta

308 3595 406 3670 falsis
420 3599 656 3671 exostosibus
667 3599 713 3670 ad
727 3624 849 3686 veras,
868 3616 905 3672 et
921 3599 968 3672 ab
984 3601 1214 3697 ligamentis,
1231 3615 1314 3670 ten-

347 3881 391 3961 (ι)
413 3885 588 3942 Derecond.
605 3883 668 3940 abs.
683 3894 745 3940 nat.
758 3885 779 3938 l.
791 3890 829 3951 4,
849 3903 873 3939 c.
889 3901 925 3957 9,
939 3887 957 3954 ¹S
972 3889 1000 3950 l.

343 3983 388 4060 (a)
409 3980 508 4044 Schol.
520 3985 560 4042 ad
573 3985 637 4041 obs.
652 3983 702 4042 cit.
716 4001 806 4060 supra
817 4002 848 4042 n.
864 3981 926 4054 57.·
