2828 4652
318 390 385 474 142
472 407 519 454 na
545 404 691 453 samam
715 405 761 452 ar
787 403 912 452 causis
937 403 1151 454 monacnum

302 522 456 620 ¹lisque,
473 518 648 592 obturata
665 521 704 590 in
717 517 793 590 hoc
812 519 890 608 via,
906 519 946 590 iu
958 517 1100 618 hepar,
1117 535 1157 594 et
1170 523 1331 620 sangui..

313 665 401 714 nem
438 638 669 736 regurgitct,
700 643 786 733 quae'
816 659 877 708 res
907 635 997 708 hinc
1031 637 1330 736 dignoscantur,

309 755 420 857 ,quod
434 753 674 843 rhabarbari,
692 767 756 824 aut
779 753 933 850 saponis
957 755 1124 852 pauxillo
1144 756 1175 828 is
1193 758 1332 854 paula-

286 955 289 960 ,
308 879 377 948 tim
390 863 714 965 solvaturictcr‘us.
734 871 922 943 Atmultis
940 871 1029 961 illis,
1048 897 1137 944 cum
1154 873 1228 946 hoe
1256 899 1330 946 na-

311 993 377 1083 tis,
398 994 456 1065 lac
480 1004 581 1064 certe
605 991 647 1060 in
666 988 879 1060 ventriculo
906 989 1057 1061 acidum
1077 989 1217 1062 factum
1241 1017 1331 1064 non

309 1108 451 1198 luerat,
469 1123 506 1180 et
528 1107 575 1178 de
592 1104 811 1205 quindecim
833 1105 921 1178 filiis
936 1107 1050 1196 meis,
1075 1133 1164 1180 cum
1190 1135 1285 1181 mox
1308 1135 1331 1182 a

313 1243 425 1327 partu
439 1225 525 1297 flavi
544 1249 694 1313 omnes,
711 1239 749 1296 et
759 1197 941 1330 bonnulli
960 1226 1074 1298 etiam
1086 1225 1189 1302 baud
1204 1228 1257 1300 ita
1273 1229 1331 1300 le-

314 1347 431 1434 viter,
450 1357 573 1418 essent
587 1340 694 1430 lacti,
713 1345 859 1415 cunctis
878 1365 1020 1441 perse,
1040 1344 1148 1416 nullo
1167 1369 1330 1444 prorsus

310 1463 411 1534 artis
429 1459 594 1547 auxilio,
613 1460 957 1558 paulatimicterus
982 1460 1129 1534 solutus
1159 1477 1225 1534 est.
1264 1465 1333 1536 His

316 1595 442 1652 autem
459 1577 636 1650 omuibus
652 1578 729 1664 lac,
748 1577 855 1676 quod
870 1577 1049 1650 nonnulli
1063 1603 1085 1650 a
1100 1595 1239 1669 matre,
1262 1582 1331 1652 alii

313 1697 363 1770 ab
372 1697 454 1770 ¹aliis
465 1695 676 1768 nutricibus
693 1709 888 1784 suxerant,
902 1695 1052 1767 acidum
1068 1719 1148 1770 esse
1166 1695 1331 1785 factum,

317 1819 395 1888 irno
411 1816 551 1888 caeteris
565 1815 702 1912 passim
717 1810 941 1903 infantibus,
960 1813 1111 1886 diverso
1133 1815 1229 1886 adeo
1244 1831 1331 1888 tom

321 1937 417 2009 lacte
437 1935 745 2024 utentibus,tum
777 1933 990 2006 ventriculo
1020 1934 1202 2034 praeditis,
1228 1961 1332 2011 aces-

323 2080 432 2144 cere,
450 2057 514 2126 vix
526 2068 582 2128 est
598 2051 790 2126 credibile.
811 2051 991 2126 Crederet
1008 2050 1165 2130 fortasse
1178 2055 1331 2153 aliquis,

320 2199 464 2246 novum
488 2173 562 2244 hoc
583 2172 803 2243 alimentum
823 2171 909 2269 plus
925 2171 1148 2243 oleosarum‘
1166 2175 1333 2272 perticu-

320 2293 442 2364 larum
462 2293 503 2360 in
527 2291 752 2388 sauguinem
783 2289 985 2378 invehere,
1013 2301 1128 2388 quam
1154 2307 1198 2364 ut
1223 2294 1333 2389 jecur
1401 2323 1402 2342 ¹

320 2434 390 2508 par
407 2433 486 2482 esse
504 2409 621 2506 possit
639 2407 899 2498 secernendis;
915 2409 991 2479 nisi
1006 2424 1116 2498 tunc,
1142 2409 1333 2496 dicerent,

323 2525 448 2599 albida
463 2549 543 2598 esse
556 2526 629 2596 alvi
641 2524 1046 2613 recrementa‚iudicio
1060 2549 1139 2598 non
1149 2525 1332 2616 obscuro,
1401 2583 1402 2608 ,

319 2644 436 2716 bilem
449 2645 489 2712 in
502 2642 725 2714 duodenum
741 2644 965 2714 intestinum
981 2647 1137 2718 minime
1156 2646 1331 2719 iuduere.

318 2759 419 2850 Quid
433 2785 526 2860 ergo
541 2776 595 2832 est
610 2761 626 2831 l
643 2763 679 2832 Si
699 2758 874 2851 effectus,
903 2762 1082 2836 omnibus
1099 2766 1332 2852 communis,

322 2879 534 2950 communis
548 2903 704 2977 quoque
718 2901 830 2950 causa
844 2903 924 2952 esse
937 2879 1071 2970 debet3
1090 2905 1112 2952 a
1130 2883 1212 2954 veri
1231 2885 1333 2956 simi-

319 2994 480 3068 litudine
495 3021 573 3067 non
584 2997 750 3070 alienum
769 2999 992 3097 est,respici
1005 3014 1184 3097 oportere
1194 3023 1332 3074 venam

320 3113 598 3203 umbilicalem,
619 3140 702 3212 quae
730 3117 806 3186 sire
836 3131 879 3186 ut
904 3118 1037 3206 incisa,
1053 3115 1195 3216 filoque
1219 3139 1333 3191 cons-

319 3235 429 3305 tricta
453 3230 589 3306 inferat
611 3235 651 3304 in
687 3235 945 3306 continuatam
969 3249 1168 3334 portarum
1191 3259 1330 3310 venam

319 3352 619 3424 contractionem
650 3351 872 3448 quamdam,
907 3353 983 3425 sive
1009 3369 1052 3425 ut
1084 3339 1217 3426 orbata
1248 3379 1333 3427 san·

319 3470 450 3567 guine,
467 3493 488 3538 a
502 3467 675 3567 placenta
692 3470 850 3560 reduce,
866 3495 945 3556 non
960 3473 1065 3568 juvet
1080 3471 1155 3544 boc
1174 3472 1257 3543 utili
1271 3473 1332 3544 ad-

319 3583 527 3657 ditamento
547 3586 738 3685 reliquum
761 3611 887 3686 perse
913 3607 1161 3679 convectum,
1187 3611 1332 3663 auovo

320 3703 488 3775 alimenti
505 3727 643 3802 genere
669 3702 826 3778 fortasse
853 3709 1098 3796 crassiorem,
1126 3708 1329 3800 utrolibet,

318 3810 382 3895 aut
402 3836 566 3919 utroque
580 3821 696 3893 modo
714 3823 879 3896 retardet
891 3825 977 3897 bilis
995 3831 1033 3896 in
1052 3825 1187 3923 hepate
1208 3851 1329 3899 secre-

319 3941 483 4028 tionem,
503 3938 626 4011 donec
643 3941 766 4014 viscus
782 3941 875 4033 hoc,
894 3956 1062 4018 cessante
1080 3943 1143 4016 illa
1159 3959 1330 4018 contrac-
