2828 4652
197 503 201 514 1
302 433 368 504 172
462 431 508 478 DE
535 421 681 476 sumatis
706 427 750 476 ET
776 427 899 476 causls
925 419 1138 476 HORBORUM

297 540 453 641 guedine
470 559 639 630 exutum,
654 543 834 642 rugisque
847 542 1042 639 inaequale.
1053 544 1164 613 Mitto
1175 556 1309 613 oaetera

298 660 400 732 unde
412 659 718 758 pariterintelligi
730 659 857 746 liceat,
875 658 1098 757 sanguinem
1109 712 1119 745 ,
1132 673 1315 730 secretos·

303 802 377 875 que
396 802 440 848 ex
451 777 525 848 hoc
542 777 723 850 humores
738 777 877 848 nonita
893 775 1037 875 impelli
1047 776 1218 880 potuisse
1232 800 1313 873 quo

303 893 517 994 oportebat,
545 909 589 967 ut
616 896 715 992 justa
741 893 857 983 illius,
884 891 1102 991 horumque
1132 893 1244 990 copia
1271 893 1312 967 in
1404 942 1405 946 =

301 1012 382 1096 dies
404 1009 643 1102 reficeretur,
663 1026 700 1084 et
721 1013 762 1082 in
785 1012 942 1082 minima
967 1035 1126 1110 quaeque
1158 1009 1314 1082 vascula

301 1129 617 1218 contrudentur,
641 1153 805 1227 quorum
824 1153 912 1230 pars
934 1130 1094 1200 maxima
1114 1129 1145 1200 si
1164 1128 1242 1201 illis
1257 1151 1313 1200 ca·

257 1287 260 1292 ·
285 1262 406 1334 reat,
427 1271 540 1318 omne
556 1271 720 1345 corpus,
731 1262 867 1346 praeter
888 1271 986 1334 ossa,
1006 1261 1043 1318 et
1059 1245 1313 1345 cartilagines,

302 1365 344 1436 in
357 1389 396 1437 se
409 1363 616 1437 collabatur
629 1389 782 1438 necesse
800 1381 874 1454 est,
895 1389 973 1464 quo
992 1366 1032 1435 in
1049 1364 1222 1462 collapsu
1236 1389 1319 1434 maa

305 1483 381 1554 cies
409 1507 554 1556 summa
579 1485 757 1556 consistit.
788 1482 986 1582 Quidquid
1011 1483 1111 1555 enim
1134 1482 1250 1554 solidi
1277 1483 1316 1552 in

305 1599 505 1687 musculis,
521 1614 558 1672 et
574 1600 807 1684 membranis
828 1616 903 1689 est,
929 1601 1043 1700 longe
1061 1601 1253 1671 minorem
1271 1597 1317 1670 ad

307 1718 548 1817 sanguinem,
567 1733 603 1790 et
620 1717 802 1792 humores
824 1717 966 1818 quibus
984 1743 1133 1791 eorum.
1145 1717 1316 1804 vascula,

308 1851 346 1908 et
358 1836 499 1926 cellulae
521 1835 798 1926 extenduntur,
828 1838 1015 1910 rationem
1038 1835 1173 1926 habet,
1203 1859 1317 1934 quam

307 1953 442 2052 vulgus
458 1969 586 2052 putat3
601 1969 643 2028 ut
659 1954 881 2028 incredibile
899 1954 1181 2058 propemodum
1201 1968 1317 2040 esset,

308 2098 422 2172 quam
439 2073 487 2144 ad
501 2076 677 2173 exiguum
690 2065 841 2162 redeat,
858 2071 926 2146 ubi
944 2073 997 2145 illi
1015 2071 1183 2168 avolent,
1206 2086 1318 2172 atque

308 2206 548 2282 evanescant,
558 2194 630 2265 nisi
644 2191 716 2262 viri
725 2189 950 2280 doctissimi,
966 2191 1136 2264 collectis
1148 2190 1317 2288 plurium

309 2311 577 2407 experimentis
591 2309 630 2380 id
649 2309 979 2382 demonstrassent.
1006 2311 1097 2402 Quoe
1120 2324 1249 2381 tamen
1268 2309 1320 2379 in·

309 2441 366 2498 ter
391 2427 646 2525 experimenta
665 2427 792 2499 minus
813 2425 1057 2500 referendum
1074 2424 1318 2514 crediderim,

311 2542 415 2640 quod
432 2543 534 2614 aliud
546 2559 716 2643 spectans
727 2544 1147 2642 Lancisius(1)instituit
1159 2569 1231 2644 per
1246 2541 1320 2615 diu·

311 2673 463 2733 turnam
479 2661 636 2734 humani
651 2663 776 2734 cordis
791 2664 1096 2737 macerationem
1117 2667 1212 2763 Cum
1226 2685 1322 2760 aqua

313 2779 957 2877 enim‚saepiusren0vata‚ramenta
968 2782 1150 2880 plurima,
1165 2805 1250 2879 quae
1260 2778 1322 2852 illa

313 2897 448 2968 sensim
469 2896 671 2994 disjunxit,
689 2900 1057 2989 membranularum,
1082 2895 1322 2970 fibrillarum·

313 3038 387 3112 que
411 3014 652 3112 abjiciuntur.
679 3021 862 3092 Caeterum
881 3034 925 3090 ut
952 3017 1168 3116 sanguinis,
1188 3013 1322 3086 humo·
1405 3042 1406 3045 ¹

312 3157 475 3228 rumque
500 3149 721 3206 caeterorum
741 3136 854 3234 inops
874 3159 1013 3234 corpus
1033 3133 1122 3223 fiat,
1138 3148 1175 3207 et
1195 3147 1322 3206 conta-

312 3248 440 3346 bescat
454 3301 464 3338 ‚
478 3251 584 3328 nulla
603 3249 842 3350 frequentior
865 3268 1065 3341 causaest,
1092 3275 1208 3350 quam
1229 3247 1323 3322 diffi-

316 3366 424 3437 cilior
444 3353 564 3442 factus
594 3395 664 3468 per
699 3373 968 3444 mesenterium
997 3369 1098 3468 chyli
1128 3369 1321 3455 transitus,

315 3484 391 3556 sive
411 3509 453 3557 ea
479 3483 680 3560 difficultas
699 3489 740 3559 in
762 3491 904 3562 ultimis
925 3490 973 3561 sit
991 3487 1207 3560 mesenterii
1225 3485 1323 3584 glan-

271 3643 275 3677 t
317 3601 440 3692 dulis‚
466 3605 596 3678 sivein
615 3607 767 3705 primis,
791 3609 866 3682 sive
893 3607 1109 3708 promiscue
1127 3605 1168 3674 in
1199 3602 1323 3676 multis
1405 3592 1406 3595 ¹

319 3818 1321 3848 ΜΝ

358 3980 400 4062 (1)
422 3948 553 4056 De'mot.
570 3987 653 4045 eord.
665 4005 754 4065 prop.
768 3985 816 4048 53.
