2872 4660
288 392 336 482 46
453 413 499 460 ns
524 411 671 460 surinus
695 409 740 458 rr
764 407 889 457 cinus
915 406 1127 458 uorsosnu
1188 407 1192 418 ·

289 553 375 604 sore
392 527 457 600 illo
473 525 639 598 Cabrolii
654 525 709 620 (ι)
728 539 765 596 et
793 527 834 596 in
855 525 1073 598 memoraris
1098 523 1188 599 alias
1201 527 1299 624 (ala

288 646 403 722 nobis
426 643 664 718 adolescente
683 639 907 734 Manbedii,
927 643 1061 716 catella
1090 657 1301 734 nusum-et

290 764 489 853 cuniculo,
505 765 582 861 ispo
601 775 638 833 et
654 760 870 850 sacerdote,
884 776 922 833 et
932 761 1091 833 muliere
1106 763 1299 852 Valsalvae,

290 899 328 960 et
346 882 538 981 Poupartii
553 877 690 978 puella.
700 881 785 950 Fuit
803 893 929 950 autem
942 881 983 950 in
999 881 1157 953 muliere
1179 881 1243 954 illa
1261 881 1300 952 id

291 1025 448 1102 quoque
472 997 630 1085 indicio,
651 1020 771 1067 unum
790 995 843 1068 ab
865 1013 999 1070 natura
1032 995 1146 1070 fuisse
1169 1020 1300 1071 renem

290 1119 398 1220 quod
417 1116 480 1188 bic
501 1115 602 1188 binis
627 1113 800 1213 pelvibus
824 1115 1098 1204 instruebatur,
1125 1116 1302 1215 binisque

290 1233 530 1310 ureteribus:
552 1247 647 1330 quot
673 1234 714 1302 in
753 1233 928 1304 Panaroli
957 1235 1014 1330 (3)
1039 1238 1129 1308 item
1145 1236 1302 1331 juvene,

179 1424 182 1432 .
294 1369 333 1426 et
353 1354 393 1424 in
415 1349 547 1424 Laubii
569 1347 630 1449 (4)
652 1351 770 1422 milite
804 1373 884 1422 non
923 1353 1045 1424 solum
1069 1349 1181 1426 fnisse
1215 1353 1304 1451 legi·

294 1495 396 1554 mus,
411 1469 477 1544 sed
494 1483 673 1568 preterea
692 1493 737 1540 ex
754 1468 969 1542 ureteribus
984 1471 1144 1542 alterum
1160 1472 1200 1540 in
1220 1492 1305 1541 eam

297 1579 338 1666 se
352 1587 550 1660 immisisse
568 1588 698 1660 vesicae
719 1602 884 1687 partem,
910 1589 972 1660 cui
994 1613 1061 1660 ren
1084 1589 1214 1662 nullus
1230 1611 1309 1661 res·

296 1705 502 1808 pendebat.
523 1708 740 1782 Memoratis
756 1706 938 1780 hactenus
954 1708 1137 1806 exemplis
1156 1731 1242 1806 quae
1260 1700 1309 1778 ad

296 1829 426 1927 primae
452 1825 577 1898 classis
596 1841 741 1924 partem
768 1826 929 1922 primam
958 1828 1087 1897 omnia
1116 1841 1309 1924 spectant,

296 1942 497 2017 verisimile
515 1957 589 2030 est,
620 1941 691 2014 alia
714 1943 875 2042 plurima
901 1943 1056 2044 adjungi
1083 1967 1195 2044 posse
1226 1957 1310 2016 tum

300 2085 384 2160 quae
408 2062 448 2132 in
475 2060 670 2160 praesentia
695 2085 775 2130 non
796 2069 1042 2150 succurrant3
1061 2063 1309 2159 nequeenim
1431 2083 1432 2102 ¹

300 2177 395 2250 mibi
408 2177 447 2249 id
462 2201 633 2276 unquam
646 2201 808 2264 sumam,
827 2194 870 2250 ut
888 2181 1015 2251 omnia
1031 2195 1160 2277 putem
1175 2193 1240 2249 aut
1258 2178 1311 2249 le·

276 2297 414 2422 pisse,
426 2311 489 2368 aut
504 2297 740 2385 meminisse3
754 2310 837 2366 tum
851 2319 935 2393 quae
956 2297 1160 2394 scriptores
1182 2297 1237 2367 sic
1249 2319 1312 2368 en·

299 2427 539 2512 presserunt,
558 2425 599 2486 ut
616 2434 735 2484 unum
753 2411 935 2483 duntaxat
961 2437 1093 2484 renem
1120 2410 1236 2486 luisse
1253 2412 1313 2485 di·
1431 2467 1432 2490 .

202 2578 204 2590 .
300 2531 444 2618 serint,
464 2529 581 2600 veluti
593 2528 802 2601 Columbus
813 2526 885 2626 (5),
906 2532 1099 2604 Fernelins
1115 2531 1196 2629 (6),
1223 2536 1314 2604 Cas-

303 2671 418 2746 parus
437 2645 637 2745 Wolphius
657 2645 733 2745 (7),
757 2649 979 2720 Laurentius
1004 2649 1080 2746 (8),
1102 2654 1242 2722 Boscus
1258 2645 1312 2748 (9)

305 2779 483 2855 eleuant,
510 2779 547 2838 et
566 2777 761 2864 paternam
787 2763 958 2840 indicans
990 2768 1313 2857 observationem,

277 3114 283 3132 1

346 3159 358 3236 (

218 3342 220 3361 .
347 3257 358 3336 l

347 3357 356 3421 l

362 3181 374 3218 1
411 3159 621 3225 0bs.rar.1t.

361 3278 377 3316 a
412 3245 535 3316 Adrerd.
553 3269 632 3315 anat.
647 3257 680 3329 3,
693 3258 822 3316 animad.
835 3260 872 3318 32
888 3272 918 3318 et
929 3261 1024 3340 Epist.
1038 3269 1089 3335 to,
1104 3283 1134 3322 n.
1149 3267 1194 3327 14.

361 3359 377 3416 3
412 3357 582 3416 obescit.
921 3443 925 3454 ι
1043 3409 1058 3414 ,

345 3455 377 3535 (t
411 3457 487 3532 Eph.
504 3458 542 3513 N.
557 3457 591 3514 C.
607 3468 685 3514 cent.
696 3476 731 3534 9,
744 3457 809 3519 obs·
827 3457 874 3516 16.

362 3556 378 3614 5

360 3656 379 3714 6

298 3563 307 3596 ’
348 3555 359 3638 l

347 3671 360 3732 (
413 3657 543 3736 Physiol.
561 3660 672 3731 l.1,c.
686 3675 714 3728 7.

345 3757 376 3834 (7
411 3758 502 3834 Apud
518 3756 665 3815 Schenck.
681 3756 746 3813 obs.
762 3757 814 3818 cit.
829 3775 856 3814 a.

345 3857 377 3934 (8
411 3859 488 3915 Hist.
504 3869 582 3914 anat.
593 3854 676 3913 hum.
691 3875 774 3932 corp.
789 3859 810 3914 l.
827 3856 861 3930 6,
876 3875 902 3914 e.
917 3859 965 3916 23.
1053 3939 1055 3943 Ι

345 3958 389 4038 (9)
411 3961 454 4016 De
468 3953 570 4017 facult.
584 3967 664 4014 anat.
679 3958 748 4014 lect.
761 3974 791 4013 a.

379 3161 390 3226 l

380 3261 391 3337 )

379 3358 391 3436 )

379 3457 390 3534 )

380 3555 392 3634 )
412 3556 456 3612 De
472 3575 504 3612 re
520 3567 598 3612 anat.
616 3557 636 3612 l.
654 3555 700 3612 15.

380 3758 391 3836 )

379 3857 391 3936 )
