2946 4662
115 407 118 414 '
231 420 362 467 cmiv.
380 421 426 466 nr
440 419 578 470 nocais
591 401 790 482 curruum„
811 409 880 466 etc.
895 420 1006 468 errsr.
1026 420 1089 468 cu.
1118 398 1188 500 487

182 531 277 606 fecte
299 517 527 606 restitutum
544 557 623 604 esse
642 530 867 621 affirmavit,
897 532 962 604 sed
985 558 1036 604 ex
1055 551 1192 632 porte,

180 668 304 724 ernon
320 677 428 751 reque
432 651 603 742 feliciter
616 652 693 724 sive
712 650 912 738 mansere,
928 651 1054 726 sivein
1070 652 1191 750 gallo,

179 769 413 868 galliaeque,
441 768 648 866 inquibus
675 769 886 866 periculum
917 767 1015 842 fecit.
1045 773 1090 842 Iu
1120 769 1192 852 hac

179 901 306 958 tamen
321 911 362 958 re
399 901 537 958 natum.
555 882 670 960 fuisse
698 885 899 960 humorem
931 885 1191 984 crystallinum

178 1005 277 1076 intra
307 1019 395 1076 octo
430 1003 714 1093 hebdomadas,
744 1003 875 1080 scribit
908 1003 1092 1102 quidem,
1123 1003 1190 1086 sed

178 1121 341 1194 necdum
361 1121 557 1218 adjustum
574 1121 789 1220 pervenisse
809 1119 1133 1218 magnitudinem
1150 1136 1189 1202 et

178 1265 398 1338 quanquam
416 1238 541 1326 addit,
560 1245 595 1310 si
611 1239 737 1340 adhuc
740 1265 816 1340 per
831 1239 981 1336 aliquot
997 1253 1190 1320 asservata

165 1359 314 1450 ficisset
335 1355 616 1446 hebdomadas,
640 1355 890 1432 dubiumnon
906 1382 1007 1446 esse,
1028 1381 1112 1428 eum
1133 1362 1190 1456 ip·

177 1501 257 1546 rum
278 1473 402 1574 plane
425 1473 693 1549 restituendum
712 1479 861 1568 fuisse‚·
888 1474 1027 1552 dubios
1063 1489 1189 1551 tamea

177 1592 365 1692 relinquit
381 1594 567 1692 legentem
581 1596 726 1694 quippe
740 1619 830 1666 cum
851 1610 982 1694 postea
994 1596 1034 1666 in
1051 1618 1092 1666 re
1111 1608 1188 1674 tam

173 1708 275 1782 facili
291 1713 593 1810 experimentum
623 1737 703 1784 nou
740 1713 951 1800 iteraverit,
969 1727 1012 1786 ut
1044 1711 1084 1790 io
1104 1711 1189 1785 lon·

174 1828 260 1926 gius
276 1841 426 1924 tempus
445 1827 685 1926 produceret.
696 1828 816 1902 Sedet
832 1827 1118 1904 Zambeccarius
1130 1825 1188 1923 (ι)

177 1968 264 2016 cum
285 1943 376 2016 olim
396 1941 635 2032 affirmasset,
671 1961 714 2019 ut
740 1945 912 2019 humoris
939 1945 1051 2042 aquei
1081 1965 1188 2042 rege

183 2061 330 2136 neratio
349 2087 496 2134 merum
527 2063 648 2160 (quod
665 2061 820 2159 fatetur)
839 2077 982 2138 naturae
1000 2075 1055 2132 est
1072 2086 1186 2158 opus,

174 2179 230 2251 sic
277 2178 447 2276 ejusdem
482 2195 625 2253 uaturae
671 2205 768 2280 opus
797 2203 891 2278 esse*
912 2180 1080 2256 humoris
1127 2183 1182 2250 vi·

173 2301 264 2382 oei,
285 2312 323 2368 et
352 2296 562 2392 crystallini
579 2287 904 2396 ”regenerationem
927 2311 965 2371 et
980 2300 1187 2374 restitutio·

117 2477 122 2484 .
173 2439 281 2502 nem3
300 2413 395 2513 quid
408 2429 536 2488 autem
554 2441 604 2490 ex
619 2415 807 2514 ejusmodi
821 2417 1103 2512 regeneratione
1122 2437 1188 2489 ac·

173 2532 336 2623 cr'tieret,
365 2534 501 2606 seclia
517 2539 600 2608 vice
618 2559 697 2628 esse
714 2532 972 2620 elocuturum
991 2555 1185 2630 nunquam

176 2650 338 2740 deinde,
359 2651 463 2749 quod
484 2654 617 2743 sciam,
637 2653 706 2728 etsi
724 2651 933 2726 diutissime
948 2649 1040 2724 vixit
1051 2659 1064 2738 ,’
1077 2673 1119 2726 ea
1138 2647 1187 2722 de
1263 2746 1265 2751 Ι

177 2793 219 2841 re
239 2769 357 2842 edidit
377 2769 599 2868 quidquem.
629 2775 711 2842 Imo
740 2770 835 2856 scio,
863 2771 1111 2858 successario,
1139 2765 1186 2843 de

159 2885 306 2960 cadem
331 2913 399 2988 per
416 2887 558 2960 litteras
577 2890 779 2986 quaerenti,
796 2911 902 2960 auno
921 2889 1015 2986 1724
1031 2909 1186 2984 respou-

178 3003 296 3093 disse,
332 3005 403 3077 sibi
426 3019 629 3102 postquam
648 3030 690 3076 ea
717 3005 941 3104 scripserat,
971 3027 1050 3076 non
1074 2999 1187 3076 fuisse

177 3135 327 3219 tempus
359 3119 573 3222 periculum
611 3117 806 3195 faciendi:
838 3137 965 3194 tamen
1012 3119 1190 3208 credere,¹

178 3262 288 3338 posse
302 3238 399 3312 duos
418 3239 504 3310 illos
520 3235 704 3311 humores
721 3239 859 3312 iterum
880 3237 1007 3336 gigni,
1030 3234 1188 3311 sedter-

177 3355 262 3431 dius
274 3381 410 3454 aque0:
428 3356 465 3428 id
478 3355 799 3454 autemlcredcre,
812 3371 893 3428 tum
913 3353 1001 3452 quia
1019 3359 1190 3426 extene-

176 3473 266 3546 volo
284 3490 498 3563 constaret,
528 3474 668 3574 quibus
692 3474 932 3572 crystallinus
954 3471 1096 3544 humor
1116 3496 1188 3548 acu
1309 3495 1311 3504 ’

176 3586 300 3664 fuerot
322 3606 479 3691 propter
497 3594 722 3692 opacitatem
752 3593 975 3692 depressus,
1002 3588 1050 3663 ad
1070 3587 1187 3685 hujus

175 3787 1180 3832 ——-—----.--------—--'-¹·

218 3965 264 4045 (ι)
283 3967 431 4044 Experim.
447 3969 527 4027 circa
537 3969 655 4032 diversa
668 3972 758 4032 eviv.
775 3981 882 4034 exsect.
897 3969 1023 4029 viscera.
