2854 4660
276 415 349 494 310
444 433 491 486 nr
517 433 664 485 stamus
688 437 733 486 rr
757 433 882 488 esusrs
907 435 1122 490 uoreoaurr

275 553 405 625 milem
432 551 596 624 exterius
614 573 767 625 manum
785 549 1045 648 descripserit,
1069 565 1107 625 et
1121 549 1289 625 delinea-

277 671 392 758 verit;
407 673 605 742 materiam
621 683 772 756 tamen,
794 687 881 766 quaa
894 670 1091 746 submerso
1110 673 1208 739 vitio
1232 692 1291 738 re-

270 801 388 888 perta
411 799 479 872 est,
504 809 584 858 non
610 807 754 858 osseam
782 799 901 870 certe,
926 785 992 858 sad
1024 785 1147 860 veluti
1172 799 1292 862 sorta

279 909 402 976 curnis
423 901 530 976 bulbi
556 901 769 997 cyclaminis
792 908 1029 1002 apparuisse,
1052 899 1192 981 diserte
1217 917 1292 972 tra·-

280 1019 396 1106 didit,
421 1019 622 1112 friabilem
652 1025 821 1118 insuper,
854 1034 891 1092 et
921 1019 1102 1092 levissimo
1138 1041 1295 1116 quoque

281 1153 455 1214 contactu
475 1123 664 1210 cessr'lem:
684 1151 726 1208 ut
757 1136 871 1235 paulo
898 1138 1025 1210 minus
1054 1133 1208 1211 difficile
1238 1133 1299 1218 fer

279 1257 422 1329 rendus
441 1271 537 1328 esset
561 1256 627 1352 qui
656 1279 828 1342 manum,
849 1257 879 1328 si
906 1256 1092 1328 exteriora
1125 1268 1293 1352 spectes,

280 1373 383 1446 haud
401 1376 452 1446 ita
464 1371 700 1464 dissimilem,
717 1375 871 1450 ineunte
890 1372 965 1446 hoc
982 1371 1118 1446 saeculo
1137 1397 1158 1442 a
1177 1375 1296 1470 Ruys·

281 1491 369 1566 chio
384 1488 442 1590 (1)
455 1494 719 1576 examinatam,
734 1490 781 1562 ad
802 1505 991 1564 exustoses
1005 1471 1186 1578 referret,
1201 1513 1291 1563 nam

285 1612 354 1684 etsi
369 1635 447 1680 uon
465 1608 642 1707 possibile
666 1607 736 1684 luit
759 1609 994 1708 perspicere,
1023 1633 1071 1680 an
1095 1607 1233 1682 tubera
1258 1610 1296 1681 in

227 1807 229 1818 ,
285 1754 369 1827 quae
389 1717 622 1812 excreverat,
647 1753 691 1800 ex
715 1726 861 1800 ossibus
885 1727 1069 1824 originem
1092 1725 1295 1810 ducerent,

286 1846 439 1918 illorum
461 1861 587 1918 tamen
605 1867 726 1918 unum
741 1850 851 1942 quasi
867 1869 916 1916 etr
933 1849 1136 1916 innumeris
1149 1849 1298 1914 nuneri-

195 1983 196 1986 ’
230 1975 233 1984 “
287 1965 356 2040 bus
400 1965 606 2038 tumoribus
640 1969 786 2064 partim
816 1962 1111 2060 cartilaginosa,
1154 1967 1298 2060 partim

289 2089 400 2158 osseis
412 2088 656 2180 compositum
672 2079 935 2180 deprehendit.

339 2197 396 2298 57.
415 2199 487 2272 Sed
500 2215 536 2272 et
551 2200 655 2288 illos,
674 2223 770 2297 quos
786 2221 897 2270 veros
913 2221 992 2272 esse
1003 2211 1173 2272 tumores
1191 2219 1297 2271 cons·

290 2334 344 2390 tet
363 2319 455 2390 ossis
472 2316 656 2412 alicujus,
673 2341 752 2388 nou
768 2316 854 2388 satis
870 2331 926 2388 est
939 2339 1017 2388 uno
1036 2317 1222 2388 exostosis
1240 2339 1297 2386 vo·

292 2433 445 2520 cabulo,
463 2435 535 2504 uisi
546 2435 774 2532 generatim,
793 2432 1141 2531 comprehendere,
1158 2434 1298 2532 quippe

292 2552 498 2650 plurimum
530 2551 671 2648 alioqui
699 2551 799 2622 inter
834 2573 872 2622 se
908 2549 1175 2648 discrepantes.
1211 2555 1300 2624 Sunt

295 2669 455 2740 enimin
480 2667 616 2764 quibus
647 2667 744 2740 nihil
767 2683 902 2767 praeter
923 2669 1017 2740 ossis
1046 2655 1300 2740 intumescen-

293 2787 403 2874 tiam,
424 2799 489 2856 aut
515 2787 827 2876 excrescentium,
857 2811 878 2857 a
908 2781 1040 2860 natura
1060 2786 1229 2858 alienum
1253 2786 1300 2856 vi·

295 2901 448 2991 deatur,
463 2904 594 3000 quales
615 2909 767 3002 Meryus
782 2903 838 3000 ln)
854 2927 932 2980 esse
950 2927 1176 2978 communes
1201 2893 1300 2976 exos

214 3031 216 3035 ’
297 3039 397 3098 toses
425 3021 536 3110 dixit,
568 3021 772 3120 qualesque
790 3022 1058 3096 duntaxatesse
1077 3021 1152 3095 hoc
1173 3022 1299 3120 dignas

297 3142 452 3212 nomine
471 3141 623 3212 Bidlous
641 3138 694 3236 (d)
719 3143 888 3234 censuit,
912 3162 954 3211 os
971 3141 1298 3226 omnino‘sanum,

300 3285 378 3330 uon
402 3284 514 3356 supra
542 3274 578 3330 et
598 3255 694 3328 infra
720 3274 906 3332 tumorem
938 3259 1158 3354 requirens,
1180 3257 1244 3330 sed
1266 3270 1299 3327 et

299 3374 403 3446 hunc
424 3375 617 3472 ,periostio
646 3377 715 3446 rite
756 3389 993 3462 contectum,
1029 3397 1155 3470 neque
1187 3374 1297 3446 ullum

301 3514 456 3589 prorsus
479 3493 581 3563 intus
606 3507 753 3566 extrave
793 3489 1116 3578 inflammationis,
1145 3493 1298 3562 acrimo-

358 3789 387 3868 1)
407 3791 500 3864 Epist.
514 3803 593 3848 anat.
610 3799 657 3858 14.

358 3888 388 3966 2)
408 3893 497 3947 Me'm.
513 3891 549 3948 de
563 3893 675 3949 l'Acad.
689 3911 754 3968 roy.
769 3893 820 3949 des
831 3881 900 3967 Scss,
914 3911 963 3950 an.
978 3893 1064 3965 1706.

357 3987 386 4067 3)
407 3991 599 4052 Exarsit-,eit
616 4011 706 4067 supra
717 3993 756 4050 ad
771 4012 804 4052 u.
816 3991 864 4052 56.
901 3985 904 3992 ’

342 3789 354 3868 l

343 3889 355 3963 l

341 3990 355 4070 (
