2872 4660
253 401 275 472 8
419 425 466 470 nu
493 421 638 470 serimus
664 423 707 468 rr
732 421 856 470 muers
882 422 1118 470 uoneonuu-

252 561 328 635 que
348 559 569 633 numquam
592 560 740 610 causam
757 535 1008 633 prominentis
1029 535 1199 608 umbilici
1217 538 1258 608 in
1298 599 1300 606 ,

182 739 186 752 ι
253 653 414 753 gravidis
431 655 502 750 ipsi
523 651 737 752 proferunt,
753 678 795 723 ea
817 677 896 730 non
910 655 956 725 sit
970 654 1051 726 aliis
1065 657 1131 752 qui
1144 656 1263 728 intes-

252 773 331 844 tina
345 796 493 842 sursum
509 779 684 869 urgeant,
698 770 914 844 tumoribus
925 773 1153 861 commuuis3
1164 771 1263 866 liaec,

254 890 430 987 inquam,
448 889 594 985 aliaque
620 913 699 958 non
718 912 899 986 quaeram,
918 914 1004 960 cum
1025 890 1096 988 ipsi
1114 904 1199 961 ante
1218 887 1262 960 fi·

253 1023 342 1079 n'em
364 1008 464 1078 tertii
482 1007 621 1078 mensis
644 1031 723 1076 non
747 1020 891 1078 exstare
910 1006 984 1076 hoe
1003 1009 1152 1106 signum
1171 1005 1263 1080 late-

257 1132 384 1212 antur‚
402 1149 567 1222 cumque
582 1125 738 1222 insuper
750 1123 956 1222 aliquando
970 1125 1114 1198 accidat
1128 1139 1171 1196 ut
1187 1149 1264 1224 ges-

256 1246 348 1315 tatio
363 1244 459 1314 uteri
480 1267 566 1314 cum
582 1241 755 1340 hydrope
772 1243 857 1338 conj
864 1257 1035 1340 ungatur.
1053 1247 1109 1316 Ne
1128 1244 1265 1316 Plateri

257 1373 470 1432 matronam
485 1359 539 1456 (1)
556 1359 618 1431 hie
631 1385 854 1450 memorem,
869 1361 1015 1432 solitam
1029 1367 1174 1458 quoties
1186 1375 1265 1432 ute·
1306 1414 1308 1422 ‚

260 1504 343 1550 rum
356 1481 526 1576 gerebat,
542 1484 580 1549 in
595 1485 747 1550 ascitum
764 1478 945 1566 incidere,·
963 1481 1072 1577 pauci
1094 1495 1182 1551 sunt
1194 1503 1266 1550 me·

259 1596 335 1668 dici
363 1597 430 1693 qui
457 1591 659 1694 utrumque
686 1597 891 1695 aliquando
917 1599 1164 1694 conjunctum
1186 1621 1266 1668 non

258 1715 439 1802 viderint,
459 1729 523 1788 aut
540 1716 607 1812 qui
628 1715 776 1805 saltem,
796 1717 827 1788 si
847 1718 963 1815 cunti,
983 1715 1266 1814 prudentesque

260 1834 351 1919 sint,
365 1827 575 1905 alienorum
587 1857 759 1905 errorum
770 1835 1055 1933 non‘ignarimn
1067 1834 1268 1929 conjuncta

261 1965 401 2037 essent,
422 1951 685 2036 dubitaverint.
706 1954 793 2042 Quo
811 1953 927 2050 magis
941 1952 1051 2023 annis
1069 1951 1268 2048 superiori·

259 2066 331 2140 bus
353 2070 509 2142 miratus
527 2095 624 2158 sum,
643 2069 797 2142 doctum
811 2069 1039 2166 caeteroquin
1057 2067 1267 2155 medicum,

262 2201 300 2258 et
311 2185 418 2258 valde
434 2189 692 2272 exercitatum,
709 2210 796 2258 cum
814 2212 965 2261 mecum
983 2186 1136 2258 consilia
1154 2187 1268 2258 iniret

262 2328 333 2400 pro
353 2305 489 2375 illustri
509 2321 696 2392 matrona,
717 2330 799 2402 quae
819 2328 1015 2394 anasarca,
1035 2320 1071 2376 et
1088 2305 1200 2376 ascite
1218 2303 1269 2372 la·

262 2420 404 2494 borans
422 2421 499 2494 huc
519 2437 691 2510 venerat,
712 2421 759 2494 de
785 2421 890 2494 nulla
913 2421 984 2494 alia
1007 2447 1048 2494 re
1069 2422 1271 2494 sollicitum

264 2563 377 2635 quam
402 2538 449 2610 de
474 2535 690 2610 efficacibus
712 2538 889 2611 adversus
906 2553 1112 2637 utrumque
1131 2538 1271 2636 hydro·

264 2681 352 2754 pem
372 2656 655 2728 medicamentis
672 2657 795 2730 statim
813 2656 1079 2754 propinandiS‚
1093 2655 1208 2727 verba
1224 2653 1273 2726 le-

266 2776 370 2848 cisse.
391 2779 469 2872 Ego
486 2782 577 2847 vero
596 2799 682 2846 cum
694 2775 861 2862 ‚tenellos
880 2790 1059 2864 matronae
1078 2771 1194 2863 filios,
1213 2775 1274 2871 ip·

268 2916 424 2989 samque
449 2907 553 2964 aetate
581 2890 779 2963 florentem
806 2891 992 2982 viderem,
1016 2916 1142 2988 neque
1163 2892 1274 2968 inter·

177 3009 182 3017 ’
268 3010 439 3108 rogando
455 3010 593 3082 certior
605 3007 687 3081 fieri
700 3033 868 3107 possem,
883 3023 1032 3081 uterum
1044 3025 1136 3086 tunc
1149 3007 1274 3096 ferret,

269 3135 407 3218 necne3
421 3130 506 3216 ista,
516 3129 688 3225 inquam,
705 3128 976 3200 medicamenta
991 3129 1118 3199 omnia
1131 3127 1272 3226 pr0b0,

269 3249 323 3320 sic¹
338 3263 463 3322 tamen
481 3262 523 3318 ut
542 3247 761 3344 priusquam
773 3245 819 3317 de
833 3244 904 3317 hac
921 3271 962 3317 re
977 3270 1052 3342 qua
1067 3245 1114 3318 de
1128 3270 1273 3344 queem,

269 3389 349 3434 non
373 3364 531 3462 liqueat,
550 3365 589 3436 in
609 3388 719 3436 usum
741 3361 841 3434 trahi
861 3388 940 3434 non
957 3363 1157 3460 incipiant3
1178 3365 1276 3434 inte-

268 3505 333 3554 rea
368 3496 493 3554 autem
522 3481 726 3553 levioribus
759 3479 1004 3578 quibusdam,
1042 3494 1079 3552 et
1114 3481 1203 3552 tutis
1235 3482 1275 3554 in

270 3613 469 3698 utramque
498 3613 642 3698 partem
673 3595 849 3669 remediis
878 3611 1019 3688 utatur,
1046 3611 1208 3694 aptaque
1236 3600 1276 3672 in

285 3764 1271 3859 «

310 3973 355 4056 (1)
376 3977 447 4038 Obs.
463 3977 483 4035 1.
500 3977 516 4033 3
530 3975 584 4036 ubi
596 3975 633 4036 de
646 3974 861 4036 extuberante.
