2784 5088
140 435 208 482 orn.
224 433 272 480 iv.
289 435 336 482 nu
350 431 487 480 uonms
500 431 695 496 cursuro,
709 423 777 500 etc.
791 433 903 481 rrrsr.
918 434 997 482 nur.
1026 412 1096 485 513

95 549 261 648 ⁴sauciato
277 571 453 620 vasorum
469 543 771 644 sanguiferorum
791 557 928 619 trunco
954 527 1101 647 aliquo,

99 679 162 736 aut
184 689 294 736 ramo
311 689 390 736 non
414 665 525 738 exiis
555 665 711 736 minutis
732 689 829 762 quos
850 665 1027 738 remediis
1054 668 1106 737 in·
1157 739 1162 752 ,

101 781 186 854 ditis
194 782 427 880 adstringere
453 783 539 854 satis
551 780 681 869 liceat,
696 807 860 880 quanam
878 798 956 856 arte
974 783 1107 893 prohi-

100 898 190 972 here
206 900 373 998 chirurgi
393 899 831 998 sanguinisprolluvium
845 902 1010 1000 possint?
1022 906 1108 976 Res·

101 1017 242 1116 pondi,
270 1044 350 1090 non
370 1043 447 1090 una
466 1041 596 1116 posse,
617 1020 648 1090 si
677 1019 724 1090 ad
755 1033 904 1118 tempus
928 1019 1107 1118 aliquod;

101 1135 204 1206 nulla
222 1133 360 1224 ferme,
376 1135 467 1208 side
481 1159 579 1234 aegro
595 1135 803 1210 diutissime
821 1136 1006 1210 servando
1021 1159 1108 1235 aga·
1152 1179 1157 1190 ·

103 1268 172 1326 tur.
191 1252 290 1325 Illud
303 1255 404 1326 enlm
422 1254 547 1326 incisae
566 1254 638 1352 ipsi
658 1279 761 1326 venae
772 1255 936 1353 jugulari
951 1256 1110 1328 internae

103 1387 224 1456 crusta
248 1397 318 1471 per
345 1371 511 1446 candens
536 1369 680 1444 ferrum
714 1371 887 1461 inducta,
917 1374 1113 1446 consecuti

105 1504 192 1562 sunt
223 1489 346 1562 donec
378 1505 502 1564 crusta
533 1489 741 1576 excideret,
767 1505 810 1562 ut
837 1505 893 1562 est
921 1490 1024 1590 apud
1054 1495 1110 1562 Jo.

101 1604 289 1678 Bohnium
307 1606 361 1703 (t)
374 1634 382 1676 :
395 1633 440 1678 ex
459 1632 538 1704 quo
550 1632 630 1678 non
647 1606 726 1678 haec
744 1606 878 1692 modo,
900 1607 967 1680 sed
980 1609 1109 1707 plures

103 1722 191 1796 addi
210 1723 460 1821 Sepulchreto
482 1738 658 1821 poterant
686 1723 969 1798 observationes
995 1751 1112 1825 pecu·
1210 1755 1212 1757 “

101 1841 212 1913 liares
232 1841 455 1912 cadaverum
473 1865 607 1914 eorum
624 1841 691 1939 qui
710 1867 756 1912 ex
772 1843 996 1914 vulneribus
1014 1843 1113 1917 obie-

62 2051 66 2060 ’
96 1973 205 2038 runt.
224 1959 492 2057 Experimeuta
515 1975 641 2030 autem
659 1984 740 2056 quae
768 1959 838 2030 tibi
857 1959 1014 2057 epistola
1028 1964 1114 2030 XIX

102 2078 387 2166 recensuimus,
420 2076 657 2150 ostendentia
690 2075 930 2148 carotidibus·
949 2078 1114 2164 arteriis,

104 2211 167 2268 aut
177 2196 336 2268 internis
349 2197 454 2268 venis
466 2193 706 2296 jugularibus
717 2193 871 2266 vinculo
884 2196 1114 2285 constrictio,

103 2339 182 2388 non
202 2341 245 2388 ea
264 2316 339 2388 cito
366 2316 567 2413 contigisse
598 2339 682 2411 quae
706 2313 797 2384 olim
826 2313 1114 2403 metuebantur,

102 2433 241 2506 addere
258 2435 428 2505 animum
446 2432 627 2530 chirurgo
647 2447 806 2530 possunt
821 2431 868 2502 ad
890 2431 1111 2504 alterutram

101 2551 284 2624 alterutro
315 2553 355 2622 in
386 2550 502 2624 latere
528 2550 793 2649 obligandam,
820 2565 862 2622 ut
889 2548 937 2621 ad
963 2564 1114 2648 tempus

102 2667 258 2768 aliquod
285 2669 478 2767 sanguinis
507 2666 631 2741 fluxus
656 2667 890 2740 cohibeatur.
912 2672 959 2740 At
979 2667 1114 2740 diutis-

101 2789 195 2862 sime
217 2786 389 2860 cohiberi
406 2813 486 2858 non
505 2787 623 2858 modo
636 2811 706 2885 per
722 2811 765 2858 ea
780 2810 863 2883 quae
879 2801 1043 2858 crustam
1057 2789 1112 2858 in·

101 2906 269 2994 ducunt,
288 2930 368 2976 non
391 2928 522 3002 posse,
542 2901 782 2976 manifestum
803 2919 878 2974 est:
901 2902 966 2974 sed
987 2927 1113 2999 neque

99 3040 188 3124 post
203 3022 356 3095 vincula
369 3022 414 3093 iis
431 3022 577 3092 truncis
593 3022 750 3116 injecta,
761 3017 868 3091 facile
881 3018 1112 3116 sperandum

100 3159 179 3232 est,
199 3168 279 3214 non
300 3164 362 3212 eas
384 3139 516 3223 citius,
534 3137 726 3209 tardiusve
745 3161 862 3207 noxas
884 3159 963 3208 esse
989 3161 1113 3209 acces·

101 3285 210 3336 suras
226 3285 309 3358 quae
326 3271 489 3328 mortem
508 3280 576 3353 per
595 3280 633 3328 se
647 3256 735 3352 ipsae
749 3253 916 3350 denique
935 3251 1112 3344 allerant,
1131 3287 1135 3294 ·

98 3381 250 3452 tametsi
273 3379 312 3448 in
329 3375 491 3448 vinculis
516 3372 738 3470 injiciendis
759 3371 855 3443 nihil
884 3396 904 3442 a
931 3371 1111 3470 chirurgo

99 3510 302 3597 peccatum
322 3508 438 3581 esset,
462 3507 525 3564 aut
558 3487 862 3589 pretermissum.
893 3495 989 3561 Cum
1009 3493 1111 3562 enim
1153 3483 1157 3494 ’

98 3614 229 3687 trunci
249 3611 304 3682 illi
322 3609 435 3682 ambo
456 3611 539 3712 sint!
551 3633 638 3680 cum
655 3609 777 3707 vagis,
800 3622 838 3680 et
863 3605 1112 3680 intercostali-

99 3823 1116 3851 ...anm-m

142 3987 189 4066 (ι)
209 3989 253 4045 De
266 3990 398 4046 Renunc.
416 3987 540 4050 vulms.
557 4000 590 4056 a,
604 4000 631 4039 e.
644 3999 671 4037 a.

180 4087 215 4159 6.
