2828 4652
279 417 347 492 168
444 439 492 486 na
516 433 665 484 sumnus
690 433 735 482 tr
760 431 885 482 csusrs
910 431 1123 482 nonnosum

257 605 261 616 .
328 552 382 624 16.
391 551 459 622 Vir
471 545 808 636 macie‘confectus,
822 571 937 645 quem
951 561 1153 645 propterea
1165 535 1285 644 aliqui

273 669 507 772 phthisicum
523 667 803 755 existimabant,
820 689 907 737 cum
924 688 1034 738 secus
1053 663 1165 736 nobis
1183 663 1284 736 vide·

271 803 397 877 retur,
423 785 627 858 novissime
652 785 692 856 in
715 784 979 858 nosocomium
1005 782 1080 855 boc
1105 797 1283 870 venerat,

275 931 361 982 cum
385 903 438 974 ihi
465 917 552 1002 post
568 903 692 974 martii
714 901 865 974 initium
892 901 983 972 anni
1015 907 1106 1000 1747
1131 899 1285 972 vivendi
1395 979 1396 982 Ἴ

202 1117 205 1124 λ
273 1023 389 1098 finem
411 1020 507 1094 fecit.
525 1020 719 1108 Thorace,
743 1033 902 1105 ventre,
922 1019 1044 1117 capite
1059 1018 1229 1092 dissectis
1249 1033 1286 1090 et

273 1141 480 1244 pulmones
506 1139 605 1226 sani,
623 1151 660 1210 et
684 1138 828 1210 viscera
846 1150 978 1210 catera
1004 1137 1084 1210 sine
1110 1130 1207 1209 labe'
1225 1161 1285 1208 re·

273 1271 384 1360 perta
410 1271 514 1345 sunt,
531 1257 603 1328 nisi
621 1253 725 1354 quod
744 1254 838 1326 dura
854 1255 1010 1326 meninx
1030 1254 1211 1344 crassior,
1225 1278 1285 1326 ce-

274 1374 432 1472 rebrum
460 1387 586 1446 autern
618 1373 848 1446 laxissimum
882 1369 964 1446 fuit.
1000 1371 1101 1444 Illud
1131 1371 1287 1471 insuper

275 1491 542 1580 animadverti,
555 1515 643 1564 cum
659 1492 758 1562 circa
768 1490 1018 1590 posteriorem
1038 1489 1195 1590 spinalis
1208 1515 1286 1562 mc·
1396 1517 1397 1532 ¹

279 1609 391 1686 dullae
410 1623 556 1708 partem
581 1607 752 1706 quadarn
771 1607 997 1708 aggrederer
1026 1606 1205 1682 studiosis
1221 1609 1288 1704 ju·

278 1727 440 1802 renibus
457 1726 738 1815 demonstrare;
762 1751 842 1800 nou
861 1728 932 1816 ita,
962 1739 1005 1798 ut
1026 1723 1133 1815 alias,
1164 1723 1291 1815 facile,

279 1860 392 1943 atque
416 1845 511 1916 adeo
534 1844 641 1916 nullo
668 1847 822 1943 negotio
848 1845 1066 1944 meningem
1094 1843 1199 1916 illam
1233 1843 1291 1915 di-

281 1962 370 2035 duci
395 1964 582 2062 potuisse,
600 1963 678 2036 imo
699 1961 878 2061 paulatim
894 1961 1185 2063 procedendum
1196 1961 1291 2032 mihi

227 2075 229 2080 ¹
280 2079 414 2172 fuisse,
440 2097 483 2154 ut
501 2083 581 2158 sine
597 2081 770 2180 proxime
788 2079 1039 2154 Arachnnidis
1062 2080 1291 2154 laceratione

182 2253 187 2272 2
281 2198 330 2270 ab
348 2198 418 2270 hac
432 2201 683 2297 sejungerem.
701 2202 885 2272 Caeterum
905 2200 1021 2288 cutis,
1040 2198 1138 2270 utin
1154 2196 1292 2270 tabidis

282 2316 399 2404 solet,
419 2318 459 2386 in
473 2315 547 2388 hoc
565 2315 746 2392 cadavere
762 2315 968 2391 durissima
978 2314 1058 2391 fuit

338 2459 390 2530 17·
410 2435 515 2508 Cutis
536 2432 614 2506 haec
636 2433 814 2523 durities,
845 2435 919 2506 sive
936 2435 1082 2522 cultro,
1103 2435 1181 2506 sive
1206 2458 1292 2506 acu·

233 2559 235 2564 '
283 2549 357 2624 bus
370 2564 514 2636 tentes,
534 2551 835 2628 manifestissima
860 2577 940 2622 non
959 2552 999 2623 in
1018 2550 1217 2650 phthisicis
1235 2577 1292 2624 so·

282 2671 364 2746 lum
383 2673 423 2744 in
444 2671 582 2771 quihus
598 2675 727 2772 plures
745 2675 890 2772 experti
906 2673 946 2751 id
966 2687 1070 2762 sunt,
1083 2673 1198 2746 sedin
1213 2673 1292 2744 aliis

196 2783 204 2820 ”
285 2792 427 2892 pariter
444 2816 541 2888 quos
560 2791 668 2867 valde
696 2792 833 2869 macies
861 2793 1140 2878 extenuaverit,
1163 2815 1294 2864 secan-

284 2908 388 2984 tibus
401 2911 582 3000 occurrit,
599 2909 659 2983 vel
674 2909 779 3006 quod
793 2909 889 2986 nihil
905 2908 1147 3008 pinguedinis
1159 2909 1199 2982 in
1207 2895 1294 2980 suh-

283 3027 383 3123 jecta¹
399 3026 552 3127 adiposa
564 3026 783 3104 membrana
803 3043 973 3126 superest
992 3053 1013 3099 a
1032 3028 1293 3124 cujus-inunc-

229 3151 231 3157 ’
286 3147 388 3218 tione
406 3146 530 3224 mollis
546 3146 608 3218 illa
629 3161 797 3218 servetur
810 3169 823 3234 ,·
841 3146 900 3220 vel
920 3145 1025 3244 quod
1040 3169 1120 3216 non
1135 3160 1293 3244 propter

286 3253 557 3362 pinguedinem
576 3263 691 3341 modo
713 3267 752 3338 in
778 3263 1036 3340 musculorum
1064 3264 1292 3350 interstitiis,

200 3425 203 3434 ·
288 3381 354 3452 sed
372 3397 408 3454 et
424 3399 581 3480 propter
604 3383 806 3470 humores,
827 3384 964 3480 passim
990 3383 1031 3454 in
1054 3381 1193 3452 horum
1211 3403 1293 3451 vas·

170 3503 173 3518 '
234 3493 236 3496 ’
288 3498 383 3572 culis
411 3523 545 3594 magna
575 3525 619 3578 ex
645 3516 750 3596 parte
776 3498 1013 3587 deficientem
1044 3523 1176 3576 carnes
1201 3522 1293 3570 con-

289 3613 442 3701 cidunt,
462 3632 503 3686 ut
532 3619 627 3687 cutis
654 3643 733 3687 non
753 3618 916 3716 amplius
936 3615 1125 3705 distenta,
1141 3640 1180 3692 se
1196 3619 1235 3686 in
1254 3639 1292 3692 so

233 3767 237 3776 ¹
286 3731 404 3828 ipsam
424 3733 642 3821 contrahat,
662 3750 698 3804 et
719 3737 879 3806 crassior
899 3732 979 3822 fiat;
998 3758 1111 3832 quam
1137 3733 1187 3804 ob
1205 3757 1292 3804 con-

286 3851 533 3938 tractionem,
566 3875 754 3948 rugasque
785 3867 986 3950 propterea
1022 3877 1100 3922 non
1130 3853 1291 3947 majores

286 3967 534 4058 tantur,1t',sed
553 3969 664 4043 etiam
686 3969 878 4066 minimas,
899 3971 979 4068 ejus
991 3970 1091 4071 perit
1107 3970 1227 4060 nitor;
1240 3970 1291 4047 sio
