2854 4660
279 449 348 546 392
445 473 491 518 na
518 469 664 518 sautans
690 471 735 520 ar
760 471 884 520 causis
909 443 1123 520 nonaum
1202 487 1206 492 ·

277 583 489 684 perforatus
506 599 606 668 erat,
625 585 687 656 sed
709 599 745 656 et
770 609 913 656 osseam
937 609 1156 683 squamam,
1183 607 1205 654 e
1229 605 1294 656 sua
1352 665 1355 672 ,
1413 583 1414 608 ’

277 705 365 774 sede
392 704 568 774 elevatam
598 701 777 789 babebat,
797 701 887 774 (lum
914 728 1036 774 crassa
1067 704 1228 774 meniux
1247 701 1293 774 ad

278 821 476 890 cerebrum
499 819 792 907 extrahendum,
812 824 910 892 circa
936 821 1084 890 initium
1117 819 1292 892 medullae

281 939 436 1034 spinalis
453 939 648 1023 inciditur,
665 964 742 1008 non
757 963 872 1036 ¹parva
892 939 1085 1035 sanguinis
1102 936 1223 1009 efssuit
1238 961 1295 1007 co-

278 1057 351 1156 pia.
371 1060 552 1127 Caeterum
571 1055 709 1126 vulnus
724 1057 846 1126 sinum
871 1057 1067 1154 perforans
1085 1053 1294 1152 longitudi-

278 1173 422 1256 nalrm‚
439 1173 526 1243 inde
546 1175 582 1242 in
598 1174 790 1244 sinistrum
810 1197 927 1270 usque
944 1173 1190 1270 perveniebat
1211 1197 1293 1242 ven·

275 1291 473 1375 triculmn,
499 1295 537 1362 in
556 1317 634 1387 quo
650 1315 775 1362 serum
798 1317 885 1362 rum
900 1315 1080 1390 grumoso
1109 1292 1293 1387 sataguine

278 1408 432 1480 latebat:
454 1411 491 1476 in
511 1408 755 1504 ejusdemque
775 1411 974 1480 ventriculi
994 1409 1073 1480 basi
1094 1407 1293 1480 sordidum

279 1525 388 1605 ulcus
408 1526 720 1622 conspiciebatur.
744 1531 785 1596 ln
812 1526 964 1598 tborace
987 1527 1120 1624 pulmo
1143 1527 1293 1598 sinister

280 1643 438 1712 multum
451 1668 468 1711 n
481 1659 674 1739 stagnante
689 1646 871 1740 sanguine
883 1643 1066 1742 turgebat.

332 1759 388 1832 55.
415 1761 590 1832 Valsalvae
620 1764 729 1841 iuter*
750 1763 1017 1840 scribendum.
1035 1777 1077 1834 ut
1099 1759 1165 1849 fit,
1195 1763 1296 1832 acci-

281 1878 395 1966 disse,
420 1895 460 1950 ut
487 1905 558 1978 pro
577 1881 788 1952 ventriculo
820 1880 993 1965 dexteru,
1013 1879 1078 1976 qui
1099 1878 1295 1974 subjectus

270 2012 359 2069 'erat
379 1999 545 2087 vulneri,
564 1999 755 2070 sinistrum
777 1998 968 2095 posuerit,
993 1997 1044 2068 ob
1065 1996 1211 2067 nullam
1236 1999 1294 2068 in-

279 2115 494 2210 terjectam,
527 2131 591 2186 ant
623 2115 787 2186 additam
812 2115 1182 2187 animadversionem
1213 2140 1294 2186 cre·

280 2231 395 2302 dibile
415 2249 480 2304 est.
502 2236 577 2322 Qui
595 2233 694 2304 enim
719 2233 864 2304 cerebri
885 2257 1020 2304 noxam
1038 2233 1212 2304 invenire
1232 2257 1293 2304 so-

280 2351 368 2422 litus
394 2366 489 2422 esset
513 2353 549 2420 in
571 2343 619 2421 eo
651 2351 765 2422 latere
785 2335 890 2448 quod
919 2350 1087 2422 resoluto
1119 2353 1294 2447 corporis

280 2467 386 2538 lateri
408 2484 689 2565 opponeretur,
715 2485 756 2540 ut
775 2495 820 2540 ex
841 2447 1102 2565 eomplnribus
1126 2493 1212 2564 quae
1230 2493 1292 2538 su·

278 2607 346 2680 pra
366 2587 379 2679 (
389 2586 420 2678 t)
437 2586 630 2683 descripta
644 2603 750 2672 sunt,
763 2586 1108 2670 observationibus,
1127 2599 1164 2655 et
1179 2609 1226 2656 ex
1244 2609 1289 2656 eo

248 2796 252 2806 Ἴ
280 2701 384 2797 quod
401 2702 536 2772 diserte
554 2704 591 2772 in
613 2701 660 2791 45
675 2703 827 2800 adjecit,
847 2705 954 2789 satu,
972 2727 1163 2800 superque
1178 2725 1292 2774 cons-

181 2855 183 2859 *
280 2834 349 2905 tat,
376 2842 477 2889 nunc
504 2821 533 2890 si
555 2822 783 2892 contrarium
812 2822 852 2891 in
884 2821 1045 2919 agricola
1072 2819 1146 2890 hoc
1179 2843 1290 2892 cons-

277 2937 455 3033 pexisset,
470 2938 750 3012 adnotationem
776 2941 909 3010 iurem
928 2939 1116 3012 insolitam
1134 2955 1290 3032 prater-

278 3055 425 3126 mittere
444 3057 609 3152 potuisse
633 3081 711 3127 nou
731 3057 890 3128 videtur.
918 3055 1030 3146 Quod
1055 3070 1184 3125 tamen
1209 3080 1289 3127 non

277 3197 324 3242 eo
338 3172 443 3261 dieo,
470 3173 574 3271 quod
595 3173 732 3245 vulnus
751 3197 772 3244 a
796 3173 937 3245 dextris
954 3198 1030 3242 non
1057 3175 1228 3270 potuerit
1250 3175 1288 3245 in

275 3291 488 3378 sinistrum,
503 3291 705 3388 praesertim
717 3290 811 3361 adeo
826 3291 1013 3372 vicinum,
1032 3289 1288 3360 ventriculum

275 3406 345 3474 levi
372 3406 594 3501 obliquitate
613 3405 827 3491 deflectere,
856 3424 921 3478 aut
944 3407 1046 3504 quod
1080 3407 1159 3502 ipse
1193 3433 1288 3476 nun·

274 3547 388 3617 quam
407 3523 445 3592 in
461 3523 638 3594 cadavera
655 3524 852 3596 inciderim
871 3551 954 3620 qum
970 3521 1161 3595 laesionem
1183 3524 1222 3593 in
1240 3545 1286 3594 eo

273 3640 420 3710 cerebri
440 3639 705 3737 hemisphaerio
731 3641 914 3712 liabereut
945 3641 1048 3738 quod
1077 3640 1284 3737 paralytzco

307 4010 351 4088 (ι)
371 4013 409 4070 N.
431 4033 477 4084 ιι,
495 4029 541 4084 17,
556 4033 604 4085 27,
623 4014 745 4086 2835,
761 4021 798 4082 4²
810 4027 841 4072 et
855 4024 906 4084 44.
