2872 4660
265 397 312 486 48
433 417 480 464 nn
506 413 651 464 seorsus
676 415 720 462 nr
746 413 871 464 canus
896 415 1106 466 nonnonuu

266 529 419 604 accedat
442 545 478 602 et
507 527 677 617 calculis,
704 553 821 626 pure,
845 529 940 602 lotio
968 547 1136 622 retento,
1163 535 1273 617 utin

267 647 439 748 exemplo
454 671 532 718 non
554 671 634 718 uno
658 671 703 718 ex
719 647 763 718 iis
786 671 869 743 quae
891 672 1004 746 supra
1031 649 1141 721 allata
1164 669 1275 743 sunt,

267 765 512 838 distendatur.
541 766 632 854 Quae
656 787 741 834 cum
780 763 887 854 dico,
915 767 995 875 noli
1021 782 1155 864 putare
1185 795 1277 868 pro·

269 886 384 958 baria
401 909 461 955 me
483 882 587 982 quod
601 882 660 951 vir
676 881 812 954 doctus
830 884 999 982 scripsit,
1015 909 1101 956 cum
1115 911 1183 958 ren
1196 889 1280 959 uni·

271 1027 337 1074 cus
348 1000 434 1091 fuit,
451 1014 726 1072 excunctarum
741 1001 1039 1074 observationum
1054 1009 1279 1095 testimonio,

270 1144 414 1218 semper
442 1115 735 1214 magnitudinem
761 1125 858 1189 renis
882 1119 1096 1191 naturalem
1120 1121 1280 1193 multum

269 1240 508 1336 superavisse.
535 1237 666 1330 Neque
693 1236 794 1306 enim
815 1237 853 1306 in
878 1238 1024 1310 c'unctis
1047 1235 1280 1310 observatio·

272 1354 386 1427 nibus
414 1351 487 1446 hoc
513 1351 623 1422 video
645 1351 888 1424 adnotatum:
912 1355 1005 1452 quin
1031 1354 1142 1426 video
1165 1359 1282 1426 Pana-

273 1474 398 1551 rolum
425 1468 479 1567 (1)
500 1468 636 1541 diserte
665 1469 934 1544 admonentem
958 1474 998 1542 in
1033 1493 1117 1559 sna,
1136 1476 1284 1570 justam

274 1595 520 1690 quantitatem
536 1613 612 1660 non
632 1593 849 1678 excessisse}
880 1606 917 1662 et
937 1591 1148 1662 Valsalvam
1169 1590 1224 1689 (a)
1243 1599 1284 1664 in

276 1731 428 1782 suarum
442 1705 577 1794 altera,
592 1705 762 1777 naturali
775 1704 888 1780 suisse
907 1708 1174 1805 magnitudine.
1191 1707 1286 1800 Qua-

275 1824 449 1898 mobrem
476 1848 497 1894 a
521 1847 612 1894 vero
642 1825 769 1896 minus
801 1824 968 1898 discessit
1002 1827 1183 1898 Riolanus
1211 1828 1285 1926 (3),

203 2027 204 2034 ἵ
279 1969 364 2018 cum
390 1942 551 2040 scripsit,
571 1947 686 2013 siren
703 1948 833 2014 unicus
851 1948 1087 2042 reperiatur,
1111 1947 1201 2036 fiere
1221 1970 1287 2042 ge-

278 2067 371 2135 mini
385 2059 676 2157 magnitudinem
694 2085 860 2158 aequare.
884 2065 1038 2158 Utinam
1058 2088 1140 2160 quae
1163 2067 1286 2136 conti-

279 2207 356 2256 nuo
374 2179 523 2274 adjicit,
545 2177 707 2277 probare
738 2203 910 2278 possem,
939 2195 974 2252 et
996 2205 1112 2280 supra
1133 2180 1287 2254 dorsum

269 2304 401 2398 jacere
410 2295 575 2396 paulum
589 2302 739 2368 remotis
758 2297 952 2370 canalibus
969 2315 1091 2371 aartae
1111 2314 1148 2370 et
1162 2324 1286 2390 carce,

282 2433 324 2489 ut
339 2415 463 2488 sedem
474 2415 673 2512 praebeant
684 2403 854 2486 solitario
865 2422 954 2487 reni.
973 2417 1045 2488 Sed
1056 2433 1151 2516 quot
1166 2442 1289 2490 exem·

281 2535 343 2634 pla
363 2547 535 2632 prostent
557 2533 661 2602 unici
681 2535 784 2604 renis
802 2544 907 2605 snam
926 2537 1126 2609 retinentis
1146 2534 1290 2623 sedem,

282 2679 328 2726 ex
350 2647 608 2748 superioribus
630 2647 866 2723 manifestum
892 2666 957 2723 est.
982 2657 1102 2751 Supra
1132 2653 1291 2726 dorsum

282 2785 408 2843 antem
417 2769 624 2865 jacentem,
640 2782 677 2839 et
694 2793 829 2866 magna
843 2794 927 2842 vasa
945 2771 1065 2869 (qnod
1085 2787 1211 2843 tamen
1230 2773 1293 2844 vel

281 2904 375 2962 tunc
393 2912 472 2958 non
504 2911 652 2985 semper
671 2886 892 2960 adnotatum
923 2889 993 2985 est)
1030 2905 1291 2962 removentem

260 3091 263 3095 .
284 3009 315 3080 si
334 3003 410 3078 fere
428 3027 560 3076 omnes
575 3004 677 3075 unici
695 3006 797 3076 renis
813 3004 1073 3078 observatores
1091 3005 1293 3098 vidissent;

230 3140 235 3153 ²
283 3148 344 3197 res
362 3101 513 3222 quoque
536 3120 621 3210 has,
644 3124 787 3222 quippe
817 3148 896 3194 non
923 3125 1049 3196 minus
1068 3125 1158 3223 ipsis
1175 3149 1293 3214 raras,

284 3265 397 3340 quam
416 3242 517 3312 renis
534 3242 735 3328 unitatem,
761 3241 872 3312 simul
890 3241 936 3313 ab
957 3267 996 3314 se
1014 3243 1111 3314 visas
1128 3242 1293 3317 indicas-

285 3375 383 3449 sent3
404 3357 607 3457 quodcum
627 3359 681 3430 illi
694 3357 797 3430 haud
810 3358 968 3432 fecerint
985 3361 1050 3458 qui
1061 3359 1157 3432 nihil
1170 3360 1291 3451 aliud,

284 3478 357 3551 nisi
372 3478 529 3549 unicum
547 3501 677 3546 renem
689 3494 971 3550 memorarunt:
987 3478 1073 3551 ideo
1089 3481 1294 3554 verisimile

1013 3659 1287 3682 m

325 3769 368 3854 (ι)
389 3771 463 3830 Obs.
479 3771 558 3854 3cit.

273 3873 275 3876 ’
325 3871 370 3950 (n)
389 3874 483 3948 Epist.
500 3869 557 3942 25,
575 3890 605 3927 n.
622 3877 649 3937 4.

325 3971 367 4050 (3)
389 3966 527 4028 Encheir.
544 3981 623 4028 anet.
640 3973 661 4029 l.
679 3990 712 4045 n,
729 3992 755 4030 c.
772 3939 819 4034 ai.
