2872 4660
287 453 335 529 36
362 471 368 486 ·
455 473 674 540 nutamus
699 475 743 521 nr
768 473 893 522 causis
918 474 1129 524 ιιοιιιοιιιιιι

288 592 353 680 sit3
371 613 449 661 non
467 602 668 686 propterea
681 586 727 658 de
743 587 824 682 ejus
837 587 1018 686 pudicitia
1032 588 1217 660 continuo
1231 589 1299 664 du·

285 709 399 796 bites,
419 705 591 804 quando,
608 719 650 776 ut
670 729 783 802 supra
803 705 947 776 dictum
969 720 1043 795 est,
1063 707 1187 803 potuit
1202 707 1295 780 olim
1343 805 1345 810 ,

283 829 325 898 in
342 825 494 912 abortu,
519 824 578 896 vel
605 823 730 894 minus
760 823 1044 912 animadvers0‚
1081 823 1297 922 placentula

283 945 324 1018 in
337 959 445 1015 utero
461 942 679 1014 substitisse.
697 945 741 1010 In
762 940 972 1038 virginibus
984 957 1110 1013 autem
1129 943 1198 1014 etsi
1217 941 1295 1014 haec

283 1061 411 1140 locum
425 1060 581 1130 minime
609 1055 792 1145 babeant3
827 1073 864 1130 et
889 1059 938 1128 in·
955 1059 1046 1157 ipsis
1064 1073 1214 1148 tamen,
1242 1059 1297 1130 uti
1327 1113 1330 1120 .

283 1178 478 1264 dicebam,
495 1175 695 1273 diligenter
712 1175 824 1245 etiam
839 1189 952 1272 atque
964 1177 1075 1247 etiam
1086 1173 1295 1250 videndum

253 1341 256 1346 ·
284 1312 358 1385 est,
372 1321 420 1368 ne
435 1293 552 1365 facilis
573 1295 768 1390 contingat
790 1293 975 1392 deceptio.
994 1297 1083 1386 Quae
1102 1310 1145 1366 ut
1167 1295 1296 1394 quoad

284 1416 366 1511 ejus
374 1411 456 1484 fieri
468 1427 611 1510 potest,
627 1412 790 1502 vitetur3
807 1413 845 1481 in
862 1411 1027 1508 carnosis
1047 1411 1200 1516 quidem
1232 1438 1297 1486 ex·

284 1531 518 1617 crescentiis,
537 1544 573 1600 et
585 1529 625 1598 in
642 1528 817 1627 polyposi
836 1531 1029 1627 sanguinis
1043 1530 1298 1602 concretioni-

283 1649 369 1738 bus,
383 1673 424 1719 ea
438 1646 584 1743 juvabit
604 1645 797 1718 attendere
816 1671 899 1744 quae
911 1671 1022 1744 supra
1035 1647 1089 1744 (1)
1101 1647 1148 1719 ad
1162 1647 1201 1718 id
1217 1673 1298 1720 me-

282 1780 426 1838 morata
440 1779 547 1852 sunt,
574 1780 610 1836 et
626 1762 788 1836 indicata
800 1764 854 1836 ibi
872 1764 1052 1862 Ruyschii
1068 1765 1151 1838 loca
1173 1766 1296 1864 perle-

282 1910 371 1984 gere
385 1939 395 1972 ,
409 1883 503 1979 quin
521 1883 632 1954 etiam
645 1880 783 1954 addere
807 1881 851 1952 cl.
870 1880 1141 1954 Schlierbachii
1154 1883 1208 1980 (ι)
1223 1884 1296 1956 ob·

282 1997 553 2090 servationem,
574 2000 642 2097 qui
668 2000 816 2072 tametsi
838 1999 976 2070 molam
1000 1998 1094 2071 vidit
1119 1988 1296 2098 quodan-

282 2117 653 2204 tenusvasculosam,
675 2123 834 2215 copiosis
849 2116 962 2188 simul
977 2116 1222 2210 hydatidihus
1239 2145 1294 2192 re·

246 2297 252 2321 ,
268 2241 431 2330 sertam,
448 2237 581 2335 quibus
601 2235 721 2308 multa
737 2235 933 2333 pinguedo
957 2238 1150 2332 interjecta
1171 2263 1293 2336 appa-

281 2356 408 2439 rebat,·
433 2378 511 2424 non
525 2367 729 2452 propterea
759 2378 805 2424 ex
832 2353 977 2450 virgine
1005 2378 1085 2428 esse
1113 2357 1290 2453 negavit,

170 2545 175 2554 ,
281 2471 396 2542 credo
416 2472 503 2567 qnia
524 2470 584 2540 vel
611 2471 650 2539 in
675 2469 868 2568 polyposis
895 2471 1202 2542 concretionibus
1222 2473 1290 2544 ali·

280 2587 373 2686 quid
390 2613 485 2685 saepe
506 2586 617 2685 quod·
628 2587 899 2686 pinguedinem
920 2591 1144 2680 mentiatur,
1163 2607 1200 2662 et
1220 2591 1288 2662 ali-

280 2705 374 2802 quid
402 2703 593 2776 interdum
616 2703 721 2802 quod
753 2729 839 2777 vasa
862 2705 1124 2803 quadantenus
1150 2705 1291 2780 referre

279 2822 697 2922 possit,conspicimus;
709 2822 755 2893 de
773 2821 1015 2920 hydatidihus
1031 2839 1156 2896 autem
1175 2827 1289 2923 paulo

278 2955 364 3012 ante
391 2939 533 3010 dictum
564 2954 628 3012 est.
656 2940 714 3010 Sic
744 2941 854 3012 etiam
877 2941 972 3012 Phil.
991 2947 1065 3013 Jac.
1091 2947 1290 3016 Hartman·

276 3081 349 3128 nus
365 3055 422 3154 (3)
434 3081 503 3128 nec
517 3081 537 3128 a
544 3062 697 3155 pinguis
711 3057 881 3130 cuticulae
905 3059 1047 3156 specie,
1067 3085 1137 3133 nec
1163 3088 1183 3131 a
1193 3061 1289 3158 plu-

197 3245 198 3248 ,
278 3177 378 3246 ribus
392 3179 536 3261 tunicii,
545 3175 663 3270 fibris
681 3181 782 3246 vasis
802 3181 1022 3248 intermixtis
1037 3192 1075 3248 et
1093 3177 1205 3266 albis,
1221 3205 1288 3252 ne·
1382 3171 1385 3182 ¹

174 3313 186 3332 ⁸
277 3317 350 3389 que
363 3291 514 3364 demum
538 3316 559 3364 a
583 3291 744 3365 vesicula
767 3299 865 3364 intus
882 3295 1067 3384 haerente,
1095 3309 1131 3366 et
1148 3295 1288 3390 gelati-

276 3434 366 3482 nam
380 3411 617 3499 continente,
636 3434 674 3481 se
692 3409 819 3508 decipi
840 3435 969 3510 passus
987 3425 1041 3484 est
1056 3466 1065 3501 ,
1083 3413 1175 3510 quin
1195 3437 1285 3486 coa-

273 3526 403 3624 gulum
422 3534 610 3624 sanguinis
624 3552 703 3600 esse
724 3537 964 3625 agnoscerem
992 3531 1031 3600 in
1046 3554 1088 3601 ea
1101 3543 1225 3602 tamen
1244 3533 1285 3604 in

316 3807 358 3890 (ι)
381 3813 419 3867 Ν.
444 3829 490 3866 ιι.

315 3910 359 3985 (ι)
380 3913 446 3966 Act.
459 3911 497 3966 N.
510 3911 544 3965 C.
558 3919 629 3965 tom.
644 3929 672 3980 7,
687 3909 753 3964 obs.
765 3907 814 3964 61.
1022 3961 1024 3967 ,

315 4005 358 4089 β)
378 4009 456 4083 Eph
469 4009 508 4064 N.
522 4010 556 4066 C
568 4008 683 4081 dec.,3
696 4010 734 4066 Α.
751 4005 861 4080 teto,
879 4008 945 4066 obs.
964 4008 1031 4066 206.
