2872 4660
281 509 328 582 70
448 505 495 550 nn
522 501 667 549 stoinos
692 503 736 549 nn
761 501 885 552 onosis
912 503 1122 552 nonnosum
1232 567 1235 574 k

279 635 360 692 tum
372 631 438 690 est.
453 595 700 714 Saepiusenim
715 617 976 714 intempestiva
986 641 1173 715 aquarum
1190 618 1292 693 offu-

282 737 387 811 sione
405 719 534 834 pastus
559 757 636 802 non
655 755 730 803 una
752 733 799 805 de
814 757 922 805 causo
941 757 987 806 ex
1005 732 1105 806 taciti
1127 733 1295 810 difficilis

283 853 335 928 fit.
357 851 481 944 Quid?
503 875 591 922 cum
623 875 668 921 ex
696 847 841 923 difficili
862 852 1152 950 impossibilem,
1183 869 1220 926 et
1238 855 1295 926 le·

285 972 427 1046 thalem
445 965 606 1058 faciunt,
621 983 665 1040 ut
683 967 856 1067 quando,
876 969 948 1041 viis
962 993 1042 1040 non
1060 971 1147 1044 satis
1162 985 1294 1070 paten-

286 1090 410 1180 tibus,
430 1087 491 1161 vel
511 1085 615 1186 quod
632 1087 859 1186 primipara,
879 1103 916 1160 et
931 1089 1170 1186 provectiore
1187 1105 1294 1164 astate

204 1237 210 1248 ‘¹
282 1211 331 1289 sit
346 1207 505 1296 mulier,
523 1205 583 1276 vol
598 1203 702 1302 quod
715 1207 853 1278 ossium
872 1205 991 1304 pelvis
1006 1207 1204 1306 angustior
1218 1233 1295 1280 am-

281 1325 407 1413 bitus,
426 1339 601 1395 tumorve
618 1321 743 1396 obstet
761 1322 915 1421 aliquis,
934 1339 998 1395 aut
1022 1323 1177 1422 quando
1199 1322 1295 1401 foetu

283 1468 365 1515 non
383 1441 482 1514 bene
507 1439 554 1511 ad
573 1441 716 1512 exitum
731 1464 939 1528 converse,
961 1443 1050 1540 ipsae
1080 1443 1296 1541 paitunen·

284 1577 361 1634 tem
380 1559 428 1632 ad
450 1555 591 1631 nimios
604 1573 780 1650 conotus,
809 1561 994 1657 nixusque
1023 1555 1199 1658 adigunt,
1222 1559 1301 1644 'aut

285 1704 369 1780 quae
392 1673 522 1750 foetum
545 1675 747 1748 audierunt
765 1675 925 1750 validius
953 1675 1116 1776 pellere,
1143 1693 1298 1755 uterum

282 1801 324 1871 in
341 1797 618 1868 contractiones
636 1793 959 1883 vehementiores,
981 1809 1047 1866 aut
1065 1795 1293 1894 sanguinem

285 1901 411 2004 corte,
432 1928 469 1984 et
485 1911 638 2012 spiritus
653 1911 895 1999 concitando,
912 1913 1116 2012 propinare
1129 1937 1210 1985 non
1226 1913 1295 1986 du·

286 2032 429 2106 bitant.'
440 2031 551 2103 Unde
572 2028 668 2102 nihil
687 2027 770 2102 fieri
786 2027 933 2102 facilius
948 2045 1091 2129 potest,
1123 2053 1237 2130 qnam
1256 2048 1299 2104 ut

286 2151 379 2224 hinc
398 2173 491 2225 sano
510 2164 548 2222 et
564 2145 724 2220 robusto
751 2145 862 2236 foetu,
893 2149 981 2220 inde
1015 2164 1141 2224 autem
1177 2167 1299 2228 matre

288 2270 528 2355 connitente‚
547 2291 635 2338 cum
652 2265 715 2337 ilie
734 2266 896 2338 naturali
914 2268 972 2337 via
992 2267 1092 2338 exire
1111 2285 1296 2366 nequeat,

285 2403 418 2460 uterus
440 2385 607 2482 denique
636 2398 772 2482 ruptus
794 2386 892 2456 viam
922 2382 1107 2484 praebeat‚
1131 2407 1209 2484 qua
1235 2403 1299 2458 ant

286 2493 409 2604 capite
418 2558 429 2592 ,
450 2517 515 2575 aut
529 2500 707 2601 pedibus,
725 2517 791 2575 aut
809 2517 891 2574 toto
908 2526 1071 2602 conpore
1096 2505 1137 2576 in
1155 2508 1300 2580 ventris

289 2647 424 2696 cavum
456 2623 667 2719 irrumpat,
700 2645 816 2720 seque
843 2637 881 2694 et
909 2637 1107 2720 ponentem
1137 2619 1296 2696 occidat.

288 2741 439 2813 Utinam
459 2739 670 2810 rarissimus
698 2738 761 2810 hic
790 2755 886 2812 esset
911 2741 1015 2839 rupti
1042 2743 1141 2813 uteri
1169 2763 1296 2816 casus:
1341 2819 1342 2822 Ἴ

290 2859 357 2958 qui
375 2882 455 2928 non
475 2856 591 2929 modo
620 2881 729 2928 rarus
748 2882 827 2928 non
849 2874 922 2944 est,
952 2857 1017 2930 sed
1041 2857 1299 2956 frequentior,
1365 2871 1367 2876 “

286 2975 554 3075 quamplures
581 2974 805 3046 existimant.
834 2967 956 3048 Habes
983 2977 1146 3048 certein
1165 2978 1297 3076 Sepul-

287 3093 409 3166 chreti
427 3091 591 3164 hacona
613 3079 779 3166 sectione
799 3090 881 3192 (ι),
902 3093 1075 3194 exempla
1093 3095 1210 3194 ipsius
1229 3119 1298 3168 un·

285 3211 393 3284 dena.
420 3211 477 3282 Ad
504 3235 587 3308 quae
612 3209 721 3308 plura
745 3227 833 3284 sunt
854 3237 935 3310 quae
953 3211 1041 3284 addi
1060 3215 1293 3312 potuissent,

285 3344 322 3402 et
336 3343 507 3427 possunt.
524 3327 619 3398 Mihi
631 3329 732 3400 enim
749 3330 789 3400 in
808 3331 985 3403 manibus
1002 3345 1091 3405 sunt
1108 3347 1292 3429 quatuor,

283 3461 347 3521 out
365 3447 535 3544 quinquo
551 3444 855 3535 dissertationes,
883 3449 921 3518 in
942 3446 1082 3546 quibus
1101 3449 1148 3520 de
1175 3465 1290 3549 rupto

280 3570 318 3637 in
331 3579 450 3662 partu
467 3579 574 3634 utero
591 3563 724 3661 agitur.
745 3569 887 3636 Harum
907 3566 1061 3664 singulae
1073 3591 1153 3638 non
1171 3567 1288 3638 modo

278 3703 377 3752 nova
401 3695 647 3780 proponunt;
677 3680 742 3754 sed
771 3707 900 3756 oaruin
922 3683 1066 3782 aliqua,
1093 3697 1136 3755 ut
1166 3709 1291 3784 quaea

313 3965 358 4045 (¹¹)
378 3967 451 4023 Obs'
469 3986 504 4038 ²’
521 3973 652 4037 §wit
668 3969 731 4028 ⁰1³⁵·
747 3971 903 4044 3,§1,2,
919 3969 951 4042 3,
970 3977 1052 4049 (⁸29,
1068 3981 1203 4046 Ioet113
1221 3972 1288 4032 obs·

271 4067 633 4145 7,§3,etohs·1n,§2,
1252 4105 1254 4109 y
