2828 4652
303 441 372 512 160
409 461 413 472 ·
469 459 516 508 or
542 459 689 508 semoris
713 434 757 508 ni
784 457 908 509 crusis
934 461 1145 512 nonnosum

297 576 417 648 tritaeo
436 573 498 672 (1)
522 588 711 671 repertam
732 574 831 645 inter
851 574 997 647 cerebri
1015 578 1214 676 meninges
1237 579 1304 649 im·

297 717 449 764 manem
470 697 636 762 cimicum
656 693 827 790 copiam,
851 707 892 764 ut
914 694 954 763 in
980 695 1203 792 pestilentiis
1226 699 1309 793 qui·

298 810 458 884 busdam
473 809 527 906 (α)
545 825 650 881 natas
667 811 806 908 passim
825 811 864 881 in
887 810 1064 886 humanis
1084 813 1308 912 corporibus

298 935 452 1027 viperas
468 951 514 998 ac
529 925 707 1010 lacertas,
740 951 828 1024 quae
846 927 946 1000 mille
963 929 1155 1002 hominum
1174 931 1308 1002 indies

298 1063 385 1145 post
400 1045 589 1118 cruciatus
607 1043 868 1117 acerbissimos
887 1047 1165 1138 interficerent,
1178 1063 1244 1120 aut
1258 1047 1309 1146 (3)

299 1167 451 1236 inventa
470 1141 693 1248 hominirm,
711 1177 748 1234 et
761 1187 948 1260 equorum
954 1167 1092 1261 jecora
1105 1168 1306 1258 husonibus

298 1285 491 1354 scatentia.
512 1278 606 1354 Mihi
621 1303 710 1351 vero
728 1295 908 1352 statutum
927 1297 982 1354 est
1007 1283 1154 1380 aliquot
1177 1283 1307 1356 obser-

299 1401 469 1471 vationes
484 1423 566 1495 quae
585 1422 629 1467 ex
647 1397 826 1470 Valsalvae
846 1399 1053 1498 praesertim
1074 1400 1225 1473 schedis
1245 1425 1307 1472 su-

238 1518 240 1522 ’
300 1531 482 1616 persunt,
508 1515 570 1586 hic
596 1514 831 1606 describere,
865 1517 904 1587 in
929 1542 1091 1615 quarum
1117 1518 1308 1616 plerisque

299 1635 394 1706 illud
417 1634 542 1733 potius
566 1631 781 1720 miraberis,
807 1633 913 1732 quod
941 1651 1028 1734 post
1061 1660 1211 1734 graves,
1245 1651 1307 1708 aut
1335 1629 1339 1642 ⁸

304 1755 412 1825 citius
445 1752 627 1850 opinione
655 1751 915 1824 interimentes
941 1749 1083 1842 febres,
1110 1754 1173 1824 vix
1201 1753 1309 1852 quid·

303 1895 434 1969 quam,
452 1869 644 1942 interdum
667 1894 717 1940 ne
735 1870 796 1939 vix
815 1869 970 1967 quidem
996 1885 1237 1969 compertum
1264 1873 1309 1944 sit

302 1989 411 2088 quod*
424 2013 553 2060 earum
573 1987 760 2084 gravitati,
779 2001 844 2058 aut
862 1987 1022 2086 impetui
1041 1989 1304 2086 responderet,

301 2131 423 2205 usque
444 2106 539 2178 adeo
554 2105 595 2175 id
611 2129 707 2202 saepe
724 2103 814 2176 latet
830 2129 900 2203 per
928 2105 1034 2203 quod
1052 2103 1177 2179 febres
1195 2108 1308 2179 inter-

302 2223 456 2298 ficiunt!
560 2255 563 2264 ¹

351 2335 384 2414 n.
402 2343 470 2414 Vir
483 2341 637 2438 triginta
659 2342 808 2413 circiter
830 2343 950 2413 anrios
975 2355 1106 2429 natus,
1124 2339 1259 2413 incidit
1271 2343 1309 2417 in

301 2460 437 2532 febrim
456 2460 617 2548 lentam,
641 2459 746 2530 nullo
774 2460 980 2532 attentione
1009 2460 1125 2558 digno
1144 2476 1310 2558 sympto-

302 2595 401 2651 mate
421 2579 614 2676 stipatam,
635 2565 708 2649 riisi
724 2576 828 2676 quod
845 2579 1033 2676 appetitus
1051 2593 1129 2649 erat
1149 2581 1305 2650 omnino

303 2697 481 2794 dejectus.
511 2697 641 2769 Pulsus
661 2709 699 2768 et
717 2697 815 2768 vires
834 2697 874 2768 in
900 2695 980 2768 dies
997 2693 1189 2768 deficiunt.
1216 2701 1306 2768 Tan·

302 2815 388 2886 dem
404 2840 448 2886 ex
459 2815 657 2912 inopinato
669 2813 840 2886 moritur.
859 2815 1154 2887 Dissectiomnia
1166 2817 1306 2888 viscera

303 2931 511 3006 avalsalva
534 2935 686 3004 inventa
714 2947 803 3004 sunt
833 2957 941 3019 sana,
969 2933 1000 3004 si
1025 2931 1107 3004 'haec
1135 2935 1303 3032 excipias.

302 3053 422 3149 Cystis
434 3049 541 3124 fellea
557 3049 664 3123 fusco
689 3048 867 3125 infectam
894 3051 1024 3122 colore
1049 3049 1166 3121 bilem
1187 3051 1306 3121 conti-

302 3169 417 3242 nebat
424 3225 434 3258 ,
450 3171 619 3266 meaque
636 3169 841 3257 calculum,
861 3169 1013 3240 molaris
1026 3166 1149 3239 dentis
1162 3169 1306 3267 magni·

302 3289 456 3374 tudine,
475 3285 603 3359 colore
617 3286 774 3384 pallido,
792 3283 898 3358 facile
910 3283 1104 3357 friabilem.
1126 3289 1236 3359 lntus
1249 3311 1306 3357 ca-

302 3431 371 3478 vus
381 3420 476 3494 erat,
489 3405 801 3502 pluresque'alios
811 3405 995 3493 calcolos,
1009 3429 1150 3502 eosque
1162 3405 1305 3502 nigros,

302 3524 467 3596 inclusos
489 3519 663 3622 habebat.
681 3522 883 3595 Pulmones
898 3547 992 3594 vero
1010 3523 1128 3620 nigris
1154 3522 1307 3593 maculis

342 3806 385 3883 (ι)
407 3789 478 3862 Obs.
498 3804 551 3879 57,
567 3811 582 3876 §
598 3827 643 3863 11.
664 3863 668 3870 ,

343 3901 384 3984 (2)
406 3905 480 3962 Obs.
496 3906 551 3974 62,
572 3909 661 3978 §8et
676 3927 707 3985 9.
777 3943 778 3947 κ
855 3916 857 3922 “

301 4027 304 4032 ·
342 4007 385 4086 (3)
406 4005 485 4065 Ibid.
501 4011 515 4077 §
533 4026 580 4065 10.
