2872 4660
127 455 219 508 ,tna
247 451 302 498 111.
330 453 376 498 nn
402 451 539 499 monam
562 453 732 511 vaurum,
757 455 867 502 artsr.
894 457 1020 506 xnvut.
1061 436 1108 510 33
1283 517 1285 522 ,

103 567 284 666 placentae
303 565 416 663 igitur
429 565 636 636 mutatione
657 565 736 638 illas
754 593 832 640 non
849 568 983 661 fuisse,
1005 575 1111 672 quod

103 711 149 758 ex
164 685 326 758 aliorum
347 707 522 780 quoque,
550 697 591 753 ut
610 699 701 781 puta
719 684 763 755 cl.
785 691 1033 760 Gutermanni
1050 690 1068 790 (
1076 691 1109 788 1)

103 801 242 888 inferre
276 815 383 899 potes
419 799 754 874 observationibus.
797 805 987 896 Tertium,
1026 833 1114 882 cum
1155 831 1158 835 ’

105 923 240 998 eodem
258 921 506 1010 Vallisnerio‚
529 945 643 1018 quem
670 947 712 994 ea
738 925 879 1021 pariter
898 951 979 1022 quae
997 927 1112 998 modo

105 1031 298 1124 adnotavi,
318 1037 394 1110 fere
421 1039 547 1109 omnia
563 1038 673 1110 video
687 1039 1017 1130 animadvertisse,
1046 1043 1114 1114 du·

105 1158 217 1232 bitari
236 1154 391 1228 fortasse
417 1180 548 1253 posse,
572 1181 663 1227 num
682 1157 744 1228 illa
766 1158 947 1256 placentae
962 1161 1001 1230 in
1021 1162 1115 1233 vesi·
1188 1169 1190 1172 ’

107 1277 209 1349 culas
225 1274 466 1372 degeneratio
485 1289 576 1344 tunc
592 1272 657 1345 fiat
671 1299 757 1346 cum
773 1271 820 1346 in
833 1292 940 1349 utero
955 1293 1039 1376 post
1056 1305 1117 1351 ex·

107 1393 250 1466 clusum
271 1389 401 1464 foetum
421 1391 606 1482 subsistit,
625 1417 673 1462 an
691 1394 914 1492 priusquam
937 1398 968 1468 is
988 1397 1117 1469 exclu-

107 1511 231 1600 datur,
250 1511 297 1582 sit
311 1499 416 1582 facta.
438 1513 515 1607 Ego
530 1525 630 1582 certe
648 1511 688 1580 in
705 1511 990 1607 quadrimestris
1004 1511 1115 1586 foetus
1210 1534 1216 1544 ·

107 1631 299 1729 placenta,
316 1653 399 1726 quae
418 1627 531 1699 simul
548 1651 633 1698 cum
659 1653 704 1700 eo
727 1615 875 1701 exclusa
891 1629 1033 1719 fuerat,
1052 1657 1117 1704 ve-

107 1747 264 1820 siculam
285 1748 361 1818 ndi
379 1771 476 1844 aqua
494 1745 658 1844 plenam.
687 1753 858 1819 Attamen
876 1749 928 1818 sic
949 1751 1017 1820 ista
1033 1775 1117 1821 mu-

107 1867 200 1937 tatio
232 1865 364 1963 saepius
396 1866 436 1934 in
467 1865 649 1962 placentis
675 1890 758 1964 quac
792 1892 878 1938 cum
907 1863 999 1938 foetu
1028 1891 1118 1964 pro-

109 1985 245 2072 deunt,
275 1983 567 2082 conspiceretur.
604 1975 789 2074 Quartum
813 1983 998 2082 denique,
1030 2011 1118 2056 cum

109 2102 383 2202 supradictum
403 2104 470 2191 sit,
499 2117 678 2174 neutrum
702 2103 776 2172 hoo
795 2103 979 2174 molarum
1002 2128 1118 2199 genus

108 2222 190 2294 fieri
211 2247 292 2292 non
311 2220 546 2320 praecedente
572 2221 845 2318 conceptione,
868 2236 904 2291 et
941 2237 1119 2292 neutrum

110 2367 196 2415 sane
216 2339 265 2412 ab
280 2339 427 2411 intactis
447 2337 676 2436 virginibus,
699 2337 804 2434 quod
829 2337 961 2434 legisse
986 2340 1118 2410 memi-
1205 2357 1213 2398 ι’

110 2461 252 2546 nerim3
271 2459 415 2531 editum
431 2459 497 2546 sit,
515 2481 660 2530 summa
674 2454 843 2554 profecto
864 2471 900 2528 et
913 2458 1067 2556 peritia,
1082 2473 1119 2530 et

110 2579 303 2678 diligentia
321 2579 361 2648 in
379 2575 649 2664 examinando,
668 2601 739 2648 nec
760 2577 899 2646 minori
916 2575 1119 2674 prudentia

109 2702 147 2769 in
165 2695 460 2797 pronunciando
479 2679 573 2792 opus
591 2720 689 2783 esse,
708 2677 905 2791 siquando
917 2693 991 2763 nlla
1009 2721 1054 2765 ex
1073 2695 1118 2764 iis

111 2843 192 2916 quae
209 2841 231 2886 a
249 2817 331 2886 viro
349 2839 387 2886 se
405 2813 626 2885 abstinuisse
640 2812 870 2898 creduntur,
889 2811 1033 2909 aliquid
1053 2812 1120 2906 eji-

111 2951 213 3008 ceret
222 2931 326 3030 quod
338 2933 384 3004 ad
398 2931 619 3004 alterutrum
636 2955 755 3028 genus
770 2943 937 3026 spectare
955 2955 975 2999 a
993 2931 1116 3026 primo

110 3053 324 3140 videretur,
344 3078 392 3124 ne
407 3049 503 3124 forte
523 3077 602 3122 non
619 3051 806 3149 placenta,
824 3047 889 3120 sed
911 3073 1013 3118 mera
1034 3073 1119 3120 san-

113 3173 238 3272 guinis
257 3171 470 3259 concretio,
484 3184 548 3240 aut
562 3169 813 3240 excrescentia
827 3169 1012 3264 quaepiam
1023 3181 1120 3238 esset

114 3317 196 3390 quae
210 3289 351 3378 carnis,
370 3304 435 3360 aut
452 3287 698 3359 vesicularum
717 3287 763 3358 de
782 3283 921 3382 quibus
937 3285 1118 3374 diximuS,

116 3408 399 3481 similitudinem
422 3422 579 3504 gereret.
612 3405 891 3476 Excrescentias
911 3405 1012 3473 enim
1035 3381 1119 3500 quae

1188 1365 1193 1392 l

115 3525 268 3599 carnem
285 3522 467 3613 referant,
488 3539 553 3596 aut
569 3547 659 3604 ¹caro
681 3523 772 3609 sint,
797 3522 935 3620 passim
950 3525 1120 3608 exstare,
1194 3541 1198 3548 ’

118 3661 173 3718 est
197 3645 463 3718 notissimum:
489 3667 572 3738 quae
602 3655 728 3712 autem
751 3640 916 3737 ipsarum
944 3639 1121 3710 vesicula-

996 3851 1127 3870 m

161 4019 203 4099 (ι)
223 4024 292 4079 Act.
305 4019 344 4077 N.
357 4019 390 4077 C.
403 4029 474 4075 tom.
486 4018 521 4090 3,
533 4003 660 4102 obs.'7·8.

187 4117 222 4191 6.
