<?xml version="1.0" encoding="UTF-8"?>
<!DOCTYPE html PUBLIC "-//W3C//DTD XHTML 1.0 Transitional//EN"
    "http://www.w3.org/TR/xhtml1/DTD/xhtml1-transitional.dtd">
<html xmlns="http://www.w3.org/1999/xhtml" xml:lang="en" lang="en">
 <head>
  <title>
</title>
<meta http-equiv="Content-Type" content="text/html;charset=utf-8" />
  <meta name='ocr-system' content='tesseract 3.04.00' />
  <meta name='ocr-capabilities' content='ocr_page ocr_carea ocr_par ocr_line ocrx_word'/>
</head>
<body>
  <div class='ocr_page' id='page_1' title='image "./desedibusetcaus03adelgoog_0170.png"; bbox 0 0 2828 4652; ppageno 0'>
   <div class='ocr_carea' id='block_1_1' title="bbox 316 368 1151 446">
    <p class='ocr_par' dir='ltr' id='par_1_1' title="bbox 316 368 1151 446">
     <span class='ocr_line' id='line_1_1' title="bbox 316 368 1151 446; baseline -0.005 -6"><span class='ocrx_word' id='word_1_1' title='bbox 316 368 384 444; x_wconf 75' lang='lat'>162</span> <span class='ocrx_word' id='word_1_2' title='bbox 476 389 524 438; x_wconf 86' lang='lat' dir='ltr'>nr</span> <span class='ocrx_word' id='word_1_3' title='bbox 549 385 695 438; x_wconf 74' lang='lat' dir='ltr'>scurrus</span> <span class='ocrx_word' id='word_1_4' title='bbox 720 381 764 434; x_wconf 78' lang='lat' dir='ltr'>rr</span> <span class='ocrx_word' id='word_1_5' title='bbox 789 385 914 446; x_wconf 77' lang='lat' dir='ltr'>causis</span> <span class='ocrx_word' id='word_1_6' title='bbox 939 385 1151 444; x_wconf 80' lang='lat' dir='ltr'>uoaaoauu</span> 
     </span>
    </p>
   </div>
   <div class='ocr_carea' id='block_1_2' title="bbox 204 497 1399 4024">
    <p class='ocr_par' dir='ltr' id='par_1_2' title="bbox 258 497 1398 2370">
     <span class='ocr_line' id='line_1_2' title="bbox 308 497 1320 602; baseline 0 -28"><span class='ocrx_word' id='word_1_7' title='bbox 308 499 573 581; x_wconf 89' lang='lat' dir='ltr'>tantummodo</span> <span class='ocrx_word' id='word_1_8' title='bbox 592 497 833 600; x_wconf 73' lang='lat' dir='ltr'>querebatur.</span> <span class='ocrx_word' id='word_1_9' title='bbox 851 497 924 584; x_wconf 76' lang='lat' dir='ltr'>¹Sed</span> <span class='ocrx_word' id='word_1_10' title='bbox 938 501 1051 584; x_wconf 81' lang='lat' dir='ltr'>tertio</span> <span class='ocrx_word' id='word_1_11' title='bbox 1070 525 1116 580; x_wconf 74' lang='lat' dir='ltr'>ex</span> <span class='ocrx_word' id='word_1_12' title='bbox 1129 525 1210 599; x_wconf 90' lang='lat' dir='ltr'>quc</span> <span class='ocrx_word' id='word_1_13' title='bbox 1230 528 1320 602; x_wconf 88' lang='lat' dir='ltr'>per·</span> 
     </span>
     <span class='ocr_line' id='line_1_3' title="bbox 313 614 1319 718; baseline -0.003 -23"><span class='ocrx_word' id='word_1_14' title='bbox 313 614 1319 718; x_wconf 73' lang='lat' dir='ltr'>pussafueratdie,coepitdelircre.Pulsuscratparvus</span> 
     </span>
     <span class='ocr_line' id='line_1_4' title="bbox 311 733 1319 836; baseline -0.002 -25"><span class='ocrx_word' id='word_1_15' title='bbox 311 751 348 820; x_wconf 82' lang='lat' dir='ltr'>et</span> <span class='ocrx_word' id='word_1_16' title='bbox 357 737 466 810; x_wconf 90' lang='lat' dir='ltr'>celer.</span> <span class='ocrx_word' id='word_1_17' title='bbox 476 738 564 808; x_wconf 84' lang='lat' dir='ltr'>Non</span> <span class='ocrx_word' id='word_1_18' title='bbox 573 733 1047 820; x_wconf 85' lang='lat' dir='ltr'>semelvomituhumorem</span> <span class='ocrx_word' id='word_1_19' title='bbox 1068 737 1199 833; x_wconf 82' lang='lat' dir='ltr'>ejecit,</span> <span class='ocrx_word' id='word_1_20' title='bbox 1215 763 1319 836; x_wconf 67' lang='lat' dir='ltr'>aquae</span> 
     </span>
     <span class='ocr_line' id='line_1_5' title="bbox 309 851 1314 952; baseline 0 -22"><span class='ocrx_word' id='word_1_21' title='bbox 309 855 493 942; x_wconf 82' lang='lat' dir='ltr'>similem,</span> <span class='ocrx_word' id='word_1_22' title='bbox 524 854 564 925; x_wconf 92' lang='lat' dir='ltr'>in</span> <span class='ocrx_word' id='word_1_23' title='bbox 588 878 663 952; x_wconf 88' lang='lat' dir='ltr'>qua</span> <span class='ocrx_word' id='word_1_24' title='bbox 688 876 776 924; x_wconf 89' lang='lat' dir='ltr'>caro</span> <span class='ocrx_word' id='word_1_25' title='bbox 792 877 926 924; x_wconf 90' lang='lat' dir='ltr'>recens</span> <span class='ocrx_word' id='word_1_26' title='bbox 946 851 1023 926; x_wconf 86' lang='lat' dir='ltr'>lota</span> <span class='ocrx_word' id='word_1_27' title='bbox 1047 869 1112 926; x_wconf 74' lang='lat' dir='ltr'>est,</span> <span class='ocrx_word' id='word_1_28' title='bbox 1146 856 1314 936; x_wconf 82' lang='lat' dir='ltr'>Tandem</span> 
     </span>
     <span class='ocr_line' id='line_1_6' title="bbox 309 957 1319 1058; baseline -0.005 -8"><span class='ocrx_word' id='word_1_29' title='bbox 309 986 422 1052; x_wconf 84' lang='lat' dir='ltr'>aucto</span> <span class='ocrx_word' id='word_1_30' title='bbox 432 974 472 1044; x_wconf 91' lang='lat' dir='ltr'>in</span> <span class='ocrx_word' id='word_1_31' title='bbox 486 957 730 1058; x_wconf 83' lang='lat' dir='ltr'>diesmorbo,</span> <span class='ocrx_word' id='word_1_32' title='bbox 748 968 901 1044; x_wconf 85' lang='lat' dir='ltr'>interiit.</span> <span class='ocrx_word' id='word_1_33' title='bbox 914 968 1138 1047; x_wconf 77' lang='lat' dir='ltr'>abdominis</span> <span class='ocrx_word' id='word_1_34' title='bbox 1155 975 1319 1050; x_wconf 86' lang='lat' dir='ltr'>musculi</span> 
     </span>
     <span class='ocr_line' id='line_1_7' title="bbox 309 1068 1396 1190; baseline -0.004 -24"><span class='ocrx_word' id='word_1_35' title='bbox 309 1091 459 1166; x_wconf 89' lang='lat' dir='ltr'>contusi</span> <span class='ocrx_word' id='word_1_36' title='bbox 467 1087 609 1190; x_wconf 87' lang='lat' dir='ltr'>reperti</span> <span class='ocrx_word' id='word_1_37' title='bbox 619 1103 724 1176; x_wconf 92' lang='lat' dir='ltr'>sunt,</span> <span class='ocrx_word' id='word_1_38' title='bbox 738 1088 790 1160; x_wconf 90' lang='lat' dir='ltr'>sic</span> <span class='ocrx_word' id='word_1_39' title='bbox 805 1101 929 1163; x_wconf 89' lang='lat' dir='ltr'>tamen</span> <span class='ocrx_word' id='word_1_40' title='bbox 940 1139 951 1176; x_wconf 91' lang='lat'>,</span> <span class='ocrx_word' id='word_1_41' title='bbox 961 1102 1004 1168; x_wconf 88' lang='lat' dir='ltr'>ut</span> <span class='ocrx_word' id='word_1_42' title='bbox 1013 1068 1139 1187; x_wconf 80' lang='lat' dir='ltr'>neque</span> <span class='ocrx_word' id='word_1_43' title='bbox 1155 1093 1320 1171; x_wconf 83' lang='lat' dir='ltr'>exterius</span> <span class='ocrx_word' id='word_1_44' title='bbox 1395 1159 1396 1180; x_wconf 51' lang='lat'>,</span> 
     </span>
     <span class='ocr_line' id='line_1_8' title="bbox 305 1205 1396 1306; baseline -0.002 -24"><span class='ocrx_word' id='word_1_45' title='bbox 305 1232 433 1306; x_wconf 84' lang='lat' dir='ltr'>neque</span> <span class='ocrx_word' id='word_1_46' title='bbox 452 1207 551 1280; x_wconf 90' lang='lat' dir='ltr'>intra</span> <span class='ocrx_word' id='word_1_47' title='bbox 569 1220 741 1278; x_wconf 87' lang='lat' dir='ltr'>ventrem</span> <span class='ocrx_word' id='word_1_48' title='bbox 761 1205 884 1278; x_wconf 91' lang='lat' dir='ltr'>ullum</span> <span class='ocrx_word' id='word_1_49' title='bbox 900 1221 1061 1286; x_wconf 82' lang='lat' dir='ltr'>exstaret</span> <span class='ocrx_word' id='word_1_50' title='bbox 1078 1211 1315 1288; x_wconf 80' lang='lat' dir='ltr'>contusionis</span> <span class='ocrx_word' id='word_1_51' title='bbox 1395 1221 1396 1226; x_wconf 77' lang='grc'>’</span> 
     </span>
     <span class='ocr_line' id='line_1_9' title="bbox 306 1321 1319 1422; baseline -0.004 -22"><span class='ocrx_word' id='word_1_52' title='bbox 306 1325 503 1408; x_wconf 85' lang='lat' dir='ltr'>iudicium.</span> <span class='ocrx_word' id='word_1_53' title='bbox 522 1329 647 1422; x_wconf 88' lang='lat' dir='ltr'>Hepar</span> <span class='ocrx_word' id='word_1_54' title='bbox 658 1321 858 1410; x_wconf 84' lang='lat' dir='ltr'>subalbum</span> <span class='ocrx_word' id='word_1_55' title='bbox 869 1321 917 1394; x_wconf 91' lang='lat' dir='ltr'>ad</span> <span class='ocrx_word' id='word_1_56' title='bbox 934 1321 1112 1404; x_wconf 84' lang='lat' dir='ltr'>duritiem</span> <span class='ocrx_word' id='word_1_57' title='bbox 1138 1326 1319 1405; x_wconf 82' lang='lat' dir='ltr'>nonnihil</span> 
     </span>
     <span class='ocr_line' id='line_1_10' title="bbox 306 1441 1320 1542; baseline 0.002 -26"><span class='ocrx_word' id='word_1_58' title='bbox 306 1441 506 1542; x_wconf 73' lang='lat' dir='ltr'>vergebat:</span> <span class='ocrx_word' id='word_1_59' title='bbox 526 1441 607 1540; x_wconf 87' lang='lat' dir='ltr'>ejus</span> <span class='ocrx_word' id='word_1_60' title='bbox 618 1441 782 1514; x_wconf 81' lang='lat' dir='ltr'>vesicula</span> <span class='ocrx_word' id='word_1_61' title='bbox 796 1464 879 1540; x_wconf 84' lang='lat' dir='ltr'>quae</span> <span class='ocrx_word' id='word_1_62' title='bbox 891 1441 1121 1540; x_wconf 83' lang='lat' dir='ltr'>insignierat</span> <span class='ocrx_word' id='word_1_63' title='bbox 1132 1446 1320 1542; x_wconf 85' lang='lat' dir='ltr'>magnitu-</span> 
     </span>
     <span class='ocr_line' id='line_1_11' title="bbox 307 1555 1320 1654; baseline 0.003 -20"><span class='ocrx_word' id='word_1_64' title='bbox 307 1561 419 1654; x_wconf 80' lang='lat' dir='ltr'>dine,</span> <span class='ocrx_word' id='word_1_65' title='bbox 435 1560 523 1634; x_wconf 85' lang='lat' dir='ltr'>bilis</span> <span class='ocrx_word' id='word_1_66' title='bbox 544 1575 627 1632; x_wconf 88' lang='lat' dir='ltr'>atro</span> <span class='ocrx_word' id='word_1_67' title='bbox 652 1557 780 1647; x_wconf 86' lang='lat' dir='ltr'>colore</span> <span class='ocrx_word' id='word_1_68' title='bbox 795 1555 963 1646; x_wconf 85' lang='lat' dir='ltr'>infectae,</span> <span class='ocrx_word' id='word_1_69' title='bbox 981 1574 1058 1631; x_wconf 88' lang='lat' dir='ltr'>tres</span> <span class='ocrx_word' id='word_1_70' title='bbox 1079 1561 1232 1645; x_wconf 76' lang='lat' dir='ltr'>circiter</span> <span class='ocrx_word' id='word_1_71' title='bbox 1250 1588 1320 1648; x_wconf 81' lang='lat' dir='ltr'>un·</span> 
     </span>
     <span class='ocr_line' id='line_1_12' title="bbox 308 1677 1320 1776; baseline 0.001 -24"><span class='ocrx_word' id='word_1_72' title='bbox 308 1683 383 1774; x_wconf 78' lang='lat' dir='ltr'>cias</span> <span class='ocrx_word' id='word_1_73' title='bbox 400 1677 637 1770; x_wconf 82' lang='lat' dir='ltr'>continebat,</span> <span class='ocrx_word' id='word_1_74' title='bbox 652 1678 760 1775; x_wconf 85' lang='lat' dir='ltr'>cujus</span> <span class='ocrx_word' id='word_1_75' title='bbox 775 1679 900 1776; x_wconf 90' lang='lat' dir='ltr'>portio</span> <span class='ocrx_word' id='word_1_76' title='bbox 912 1677 1038 1776; x_wconf 87' lang='lat' dir='ltr'>aliqua</span> <span class='ocrx_word' id='word_1_77' title='bbox 1051 1680 1164 1760; x_wconf 86' lang='lat' dir='ltr'>etiam</span> <span class='ocrx_word' id='word_1_78' title='bbox 1179 1682 1221 1752; x_wconf 93' lang='lat' dir='ltr'>in</span> <span class='ocrx_word' id='word_1_79' title='bbox 1231 1704 1320 1754; x_wconf 70' lang='lat' dir='ltr'>ven·¹</span> 
     </span>
     <span class='ocr_line' id='line_1_13' title="bbox 306 1794 1319 1894; baseline -0.003 -21"><span class='ocrx_word' id='word_1_80' title='bbox 306 1797 445 1888; x_wconf 84' lang='lat' dir='ltr'>triculo</span> <span class='ocrx_word' id='word_1_81' title='bbox 463 1799 616 1876; x_wconf 85' lang='lat' dir='ltr'>inventa</span> <span class='ocrx_word' id='word_1_82' title='bbox 635 1811 700 1868; x_wconf 90' lang='lat' dir='ltr'>est.</span> <span class='ocrx_word' id='word_1_83' title='bbox 721 1794 879 1894; x_wconf 79' lang='lat' dir='ltr'>Reliqua</span> <span class='ocrx_word' id='word_1_84' title='bbox 901 1795 941 1880; x_wconf 78' lang='lat' dir='ltr'>in</span> <span class='ocrx_word' id='word_1_85' title='bbox 953 1810 1085 1880; x_wconf 83' lang='lat' dir='ltr'>ventre</span> <span class='ocrx_word' id='word_1_86' title='bbox 1106 1797 1319 1880; x_wconf 85' lang='lat' dir='ltr'>secundum</span> 
     </span>
     <span class='ocr_line' id='line_1_14' title="bbox 307 1913 1320 2012; baseline 0 -24"><span class='ocrx_word' id='word_1_87' title='bbox 307 1932 492 2004; x_wconf 80' lang='lat' dir='ltr'>naturam.</span> <span class='ocrx_word' id='word_1_88' title='bbox 524 1919 570 1988; x_wconf 91' lang='lat' dir='ltr'>In</span> <span class='ocrx_word' id='word_1_89' title='bbox 599 1913 754 2002; x_wconf 75' lang='lat' dir='ltr'>thorace</span> <span class='ocrx_word' id='word_1_90' title='bbox 783 1914 985 2012; x_wconf 79' lang='lat' dir='ltr'>pulmones</span> <span class='ocrx_word' id='word_1_91' title='bbox 1018 1939 1093 2012; x_wconf 89' lang='lat' dir='ltr'>qua</span> <span class='ocrx_word' id='word_1_92' title='bbox 1126 1915 1320 2001; x_wconf 75' lang='lat' dir='ltr'>vertebras</span> 
     </span>
     <span class='ocr_line' id='line_1_15' title="bbox 258 2030 1398 2134; baseline 0.004 -32"><span class='ocrx_word' id='word_1_93' title='bbox 258 2091 264 2102; x_wconf 92' lang='lat'>.</span> <span class='ocrx_word' id='word_1_94' title='bbox 307 2032 541 2134; x_wconf 87' lang='lat' dir='ltr'>spectabant,</span> <span class='ocrx_word' id='word_1_95' title='bbox 562 2057 697 2130; x_wconf 81' lang='lat' dir='ltr'>magna</span> <span class='ocrx_word' id='word_1_96' title='bbox 713 2047 822 2104; x_wconf 87' lang='lat' dir='ltr'>erant</span> <span class='ocrx_word' id='word_1_97' title='bbox 835 2031 1011 2130; x_wconf 77' lang='lat' dir='ltr'>phlogosi</span> <span class='ocrx_word' id='word_1_98' title='bbox 1030 2030 1175 2121; x_wconf 82' lang='lat' dir='ltr'>affecti,</span> <span class='ocrx_word' id='word_1_99' title='bbox 1187 2049 1318 2114; x_wconf 69' lang='lat' dir='ltr'>caetera</span> <span class='ocrx_word' id='word_1_100' title='bbox 1397 2091 1398 2094; x_wconf 63' lang='lat'>,</span> 
     </span>
     <span class='ocr_line' id='line_1_16' title="bbox 306 2148 1398 2250; baseline -0.004 -26"><span class='ocrx_word' id='word_1_101' title='bbox 306 2152 397 2241; x_wconf 78' lang='lat' dir='ltr'>sani.</span> <span class='ocrx_word' id='word_1_102' title='bbox 412 2155 553 2242; x_wconf 59' lang='lat' dir='ltr'>Denter</span> <span class='ocrx_word' id='word_1_103' title='bbox 568 2149 801 2238; x_wconf 80' lang='lat' dir='ltr'>ventriculus</span> <span class='ocrx_word' id='word_1_104' title='bbox 816 2148 943 2236; x_wconf 86' lang='lat' dir='ltr'>cordis</span> <span class='ocrx_word' id='word_1_105' title='bbox 959 2149 1193 2249; x_wconf 75' lang='lat' dir='ltr'>mediocrem</span> <span class='ocrx_word' id='word_1_106' title='bbox 1210 2153 1317 2250; x_wconf 81' lang='lat' dir='ltr'>poly-</span> <span class='ocrx_word' id='word_1_107' title='bbox 1397 2169 1398 2172; x_wconf 73' lang='grc'>’</span> 
     </span>
     <span class='ocr_line' id='line_1_17' title="bbox 306 2265 924 2370; baseline -0.006 -28"><span class='ocrx_word' id='word_1_108' title='bbox 306 2293 438 2370; x_wconf 80' lang='lat' dir='ltr'>pesam</span> <span class='ocrx_word' id='word_1_109' title='bbox 452 2269 735 2342; x_wconf 86' lang='lat' dir='ltr'>concretionem</span> <span class='ocrx_word' id='word_1_110' title='bbox 748 2265 924 2351; x_wconf 85' lang='lat' dir='ltr'>habebat.</span> 
     </span>
    </p>

    <p class='ocr_par' dir='ltr' id='par_1_3' title="bbox 204 2384 1399 4024">
     <span class='ocr_line' id='line_1_18' title="bbox 355 2384 1399 2487; baseline 0.006 -31"><span class='ocrx_word' id='word_1_111' title='bbox 355 2415 389 2487; x_wconf 80' lang='lat'>7.</span> <span class='ocrx_word' id='word_1_112' title='bbox 408 2387 483 2478; x_wconf 82' lang='lat' dir='ltr'>Qui</span> <span class='ocrx_word' id='word_1_113' title='bbox 493 2384 708 2462; x_wconf 85' lang='lat' dir='ltr'>abdominis</span> <span class='ocrx_word' id='word_1_114' title='bbox 725 2387 867 2476; x_wconf 82' lang='lat' dir='ltr'>ictum,</span> <span class='ocrx_word' id='word_1_115' title='bbox 894 2385 997 2458; x_wconf 88' lang='lat' dir='ltr'>etde</span> <span class='ocrx_word' id='word_1_116' title='bbox 1016 2385 1116 2460; x_wconf 88' lang='lat' dir='ltr'>illius</span> <span class='ocrx_word' id='word_1_117' title='bbox 1138 2386 1317 2470; x_wconf 80' lang='lat' dir='ltr'>duntaxat</span> <span class='ocrx_word' id='word_1_118' title='bbox 1398 2455 1399 2472; x_wconf 67' lang='grc'>,</span> 
     </span>
     <span class='ocr_line' id='line_1_19' title="bbox 306 2502 1318 2603; baseline 0.002 -25"><span class='ocrx_word' id='word_1_119' title='bbox 306 2505 439 2584; x_wconf 89' lang='lat' dir='ltr'>dolore</span> <span class='ocrx_word' id='word_1_120' title='bbox 457 2502 629 2601; x_wconf 87' lang='lat' dir='ltr'>querelas</span> <span class='ocrx_word' id='word_1_121' title='bbox 660 2519 883 2600; x_wconf 87' lang='lat' dir='ltr'>spectasset,</span> <span class='ocrx_word' id='word_1_122' title='bbox 912 2519 1044 2587; x_wconf 78' lang='lat' dir='ltr'>caetera</span> <span class='ocrx_word' id='word_1_123' title='bbox 1072 2527 1155 2603; x_wconf 79' lang='lat' dir='ltr'>quae</span> <span class='ocrx_word' id='word_1_124' title='bbox 1186 2531 1318 2581; x_wconf 81' lang='lat' dir='ltr'>conse·</span> 
     </span>
     <span class='ocr_line' id='line_1_20' title="bbox 306 2619 1319 2710; baseline 0 -14"><span class='ocrx_word' id='word_1_125' title='bbox 306 2637 393 2700; x_wconf 91' lang='lat' dir='ltr'>cuta</span> <span class='ocrx_word' id='word_1_126' title='bbox 407 2636 513 2710; x_wconf 86' lang='lat' dir='ltr'>suut,</span> <span class='ocrx_word' id='word_1_127' title='bbox 531 2619 617 2693; x_wconf 84' lang='lat' dir='ltr'>laeso</span> <span class='ocrx_word' id='word_1_128' title='bbox 633 2621 723 2710; x_wconf 78' lang='lat' dir='ltr'>inde</span> <span class='ocrx_word' id='word_1_129' title='bbox 734 2621 847 2709; x_wconf 81' lang='lat' dir='ltr'>alicui</span> <span class='ocrx_word' id='word_1_130' title='bbox 865 2623 1007 2697; x_wconf 84' lang='lat' dir='ltr'>ventris</span> <span class='ocrx_word' id='word_1_131' title='bbox 1015 2623 1150 2704; x_wconf 82' lang='lat' dir='ltr'>visceri</span> <span class='ocrx_word' id='word_1_132' title='bbox 1166 2623 1319 2708; x_wconf 86' lang='lat' dir='ltr'>tribuis·</span> 
     </span>
     <span class='ocr_line' id='line_1_21' title="bbox 304 2737 1318 2838; baseline -0.002 -24"><span class='ocrx_word' id='word_1_133' title='bbox 304 2755 370 2832; x_wconf 78' lang='lat' dir='ltr'>set.</span> <span class='ocrx_word' id='word_1_134' title='bbox 391 2744 438 2818; x_wconf 81' lang='lat' dir='ltr'>At</span> <span class='ocrx_word' id='word_1_135' title='bbox 456 2737 629 2812; x_wconf 76' lang='lat' dir='ltr'>dissectio</span> <span class='ocrx_word' id='word_1_136' title='bbox 656 2739 843 2838; x_wconf 91' lang='lat' dir='ltr'>quidquid</span> <span class='ocrx_word' id='word_1_137' title='bbox 868 2740 908 2817; x_wconf 86' lang='lat' dir='ltr'>in</span> <span class='ocrx_word' id='word_1_138' title='bbox 931 2740 1101 2836; x_wconf 80' lang='lat' dir='ltr'>jecinore</span> <span class='ocrx_word' id='word_1_139' title='bbox 1124 2742 1205 2822; x_wconf 82' lang='lat' dir='ltr'>vitii</span> <span class='ocrx_word' id='word_1_140' title='bbox 1228 2739 1318 2829; x_wconf 85' lang='lat' dir='ltr'>fuit,</span> 
     </span>
     <span class='ocr_line' id='line_1_22' title="bbox 304 2855 1318 2956; baseline -0.001 -23"><span class='ocrx_word' id='word_1_141' title='bbox 304 2858 354 2933; x_wconf 90' lang='lat' dir='ltr'>ad</span> <span class='ocrx_word' id='word_1_142' title='bbox 378 2857 596 2930; x_wconf 79' lang='lat' dir='ltr'>diuturnam</span> <span class='ocrx_word' id='word_1_143' title='bbox 618 2857 744 2956; x_wconf 91' lang='lat' dir='ltr'>potius</span> <span class='ocrx_word' id='word_1_144' title='bbox 762 2858 864 2934; x_wconf 88' lang='lat' dir='ltr'>illam</span> <span class='ocrx_word' id='word_1_145' title='bbox 888 2855 1025 2943; x_wconf 79' lang='lat' dir='ltr'>febrim</span> <span class='ocrx_word' id='word_1_146' title='bbox 1044 2859 1237 2940; x_wconf 83' lang='lat' dir='ltr'>attinuisse</span> <span class='ocrx_word' id='word_1_147' title='bbox 1258 2884 1318 2938; x_wconf 88' lang='lat' dir='ltr'>ns·</span> 
     </span>
     <span class='ocr_line' id='line_1_23' title="bbox 303 2973 1314 3074; baseline -0.001 -23"><span class='ocrx_word' id='word_1_148' title='bbox 303 2976 443 3066; x_wconf 89' lang='lat' dir='ltr'>tendit,</span> <span class='ocrx_word' id='word_1_149' title='bbox 456 2976 627 3050; x_wconf 79' lang='lat' dir='ltr'>Valsalva</span> <span class='ocrx_word' id='word_1_150' title='bbox 637 2973 787 3072; x_wconf 84' lang='lat' dir='ltr'>judice,</span> <span class='ocrx_word' id='word_1_151' title='bbox 803 2977 869 3074; x_wconf 92' lang='lat' dir='ltr'>qui</span> <span class='ocrx_word' id='word_1_152' title='bbox 890 2975 980 3050; x_wconf 92' lang='lat' dir='ltr'>huic</span> <span class='ocrx_word' id='word_1_153' title='bbox 999 2974 1256 3054; x_wconf 84' lang='lat' dir='ltr'>observationi</span> <span class='ocrx_word' id='word_1_154' title='bbox 1271 2979 1314 3052; x_wconf 89' lang='lat' dir='ltr'>ti·</span> 
     </span>
     <span class='ocr_line' id='line_1_24' title="bbox 303 3092 1315 3192; baseline -0.002 -22"><span class='ocrx_word' id='word_1_155' title='bbox 303 3095 427 3170; x_wconf 90' lang='lat' dir='ltr'>tulum</span> <span class='ocrx_word' id='word_1_156' title='bbox 450 3092 647 3191; x_wconf 83' lang='lat' dir='ltr'>adscripsit</span> <span class='ocrx_word' id='word_1_157' title='bbox 658 3092 707 3164; x_wconf 89' lang='lat' dir='ltr'>de</span> <span class='ocrx_word' id='word_1_158' title='bbox 727 3099 890 3176; x_wconf 78' lang='lat' dir='ltr'>tertiana</span> <span class='ocrx_word' id='word_1_159' title='bbox 909 3092 1069 3192; x_wconf 81' lang='lat' dir='ltr'>duplici,</span> <span class='ocrx_word' id='word_1_160' title='bbox 1088 3098 1173 3169; x_wconf 84' lang='lat' dir='ltr'>sive</span> <span class='ocrx_word' id='word_1_161' title='bbox 1188 3109 1315 3175; x_wconf 72' lang='lat' dir='ltr'>totum</span> 
     </span>
     <span class='ocr_line' id='line_1_25' title="bbox 204 3209 1314 3307; baseline -0.002 -17"><span class='ocrx_word' id='word_1_162' title='bbox 204 3277 220 3290; x_wconf 41' lang='lat' dir='ltr'>a</span> <span class='ocrx_word' id='word_1_163' title='bbox 300 3214 344 3286; x_wconf 88' lang='lat' dir='ltr'>id</span> <span class='ocrx_word' id='word_1_164' title='bbox 360 3215 440 3287; x_wconf 86' lang='lat' dir='ltr'>vitii</span> <span class='ocrx_word' id='word_1_165' title='bbox 457 3211 617 3294; x_wconf 88' lang='lat' dir='ltr'>credidit</span> <span class='ocrx_word' id='word_1_166' title='bbox 633 3210 680 3282; x_wconf 94' lang='lat' dir='ltr'>ad</span> <span class='ocrx_word' id='word_1_167' title='bbox 697 3209 812 3307; x_wconf 90' lang='lat' dir='ltr'>hujus</span> <span class='ocrx_word' id='word_1_168' title='bbox 830 3235 978 3300; x_wconf 90' lang='lat' dir='ltr'>causas,</span> <span class='ocrx_word' id='word_1_169' title='bbox 1006 3213 1082 3294; x_wconf 85' lang='lat' dir='ltr'>sive</span> <span class='ocrx_word' id='word_1_170' title='bbox 1096 3211 1144 3284; x_wconf 90' lang='lat' dir='ltr'>ad</span> <span class='ocrx_word' id='word_1_171' title='bbox 1160 3211 1314 3294; x_wconf 82' lang='lat' dir='ltr'>effectus</span> 
     </span>
     <span class='ocr_line' id='line_1_26' title="bbox 301 3319 1315 3432; baseline 0.007 -28"><span class='ocrx_word' id='word_1_172' title='bbox 301 3333 541 3432; x_wconf 87' lang='lat' dir='ltr'>pertinuisse.</span> <span class='ocrx_word' id='word_1_173' title='bbox 561 3328 661 3420; x_wconf 88' lang='lat' dir='ltr'>Quid</span> <span class='ocrx_word' id='word_1_174' title='bbox 676 3329 723 3400; x_wconf 91' lang='lat' dir='ltr'>ad</span> <span class='ocrx_word' id='word_1_175' title='bbox 743 3319 837 3404; x_wconf 89' lang='lat' dir='ltr'>illud</span> <span class='ocrx_word' id='word_1_176' title='bbox 853 3332 1051 3412; x_wconf 86' lang='lat' dir='ltr'>occasione</span> <span class='ocrx_word' id='word_1_177' title='bbox 1068 3332 1166 3409; x_wconf 82' lang='lat' dir='ltr'>ictus</span> <span class='ocrx_word' id='word_1_178' title='bbox 1190 3357 1315 3410; x_wconf 82' lang='lat' dir='ltr'>acces-</span> 
     </span>
     <span class='ocr_line' id='line_1_27' title="bbox 302 3447 1313 3550; baseline -0.002 -26"><span class='ocrx_word' id='word_1_179' title='bbox 302 3449 411 3540; x_wconf 88' lang='lat' dir='ltr'>serit,</span> <span class='ocrx_word' id='word_1_180' title='bbox 428 3451 468 3519; x_wconf 85' lang='lat' dir='ltr'>in</span> <span class='ocrx_word' id='word_1_181' title='bbox 483 3447 609 3518; x_wconf 90' lang='lat' dir='ltr'>biliosi</span> <span class='ocrx_word' id='word_1_182' title='bbox 642 3449 931 3545; x_wconf 84' lang='lat' dir='ltr'>temperamenti</span> <span class='ocrx_word' id='word_1_183' title='bbox 955 3448 1135 3536; x_wconf 88' lang='lat' dir='ltr'>muliere,</span> <span class='ocrx_word' id='word_1_184' title='bbox 1165 3451 1313 3550; x_wconf 75' lang='lat' dir='ltr'>inspee-</span> 
     </span>
     <span class='ocr_line' id='line_1_28' title="bbox 299 3559 1314 3666; baseline 0.001 -30"><span class='ocrx_word' id='word_1_185' title='bbox 299 3582 384 3642; x_wconf 85' lang='lat' dir='ltr'>tum</span> <span class='ocrx_word' id='word_1_186' title='bbox 398 3563 597 3648; x_wconf 87' lang='lat' dir='ltr'>cerebrum</span> <span class='ocrx_word' id='word_1_187' title='bbox 605 3559 778 3653; x_wconf 87' lang='lat' dir='ltr'>fortasse,</span> <span class='ocrx_word' id='word_1_188' title='bbox 789 3580 831 3637; x_wconf 94' lang='lat' dir='ltr'>ut</span> <span class='ocrx_word' id='word_1_189' title='bbox 842 3564 1018 3648; x_wconf 82' lang='lat' dir='ltr'>delirium</span> <span class='ocrx_word' id='word_1_190' title='bbox 1030 3566 1192 3656; x_wconf 75' lang='lat' dir='ltr'>indicat,</span> <span class='ocrx_word' id='word_1_191' title='bbox 1204 3569 1314 3666; x_wconf 85' lang='lat' dir='ltr'>signi·</span> 
     </span>
     <span class='ocr_line' id='line_1_29' title="bbox 299 3683 1313 3784; baseline -0.003 -26"><span class='ocrx_word' id='word_1_192' title='bbox 299 3683 414 3759; x_wconf 90' lang='lat' dir='ltr'>ficare</span> <span class='ocrx_word' id='word_1_193' title='bbox 434 3683 627 3782; x_wconf 90' lang='lat' dir='ltr'>potuisset.</span> <span class='ocrx_word' id='word_1_194' title='bbox 650 3686 745 3758; x_wconf 86' lang='lat' dir='ltr'>Nam</span> <span class='ocrx_word' id='word_1_195' title='bbox 763 3683 869 3782; x_wconf 89' lang='lat' dir='ltr'>quod</span> <span class='ocrx_word' id='word_1_196' title='bbox 888 3683 937 3756; x_wconf 88' lang='lat' dir='ltr'>ad</span> <span class='ocrx_word' id='word_1_197' title='bbox 963 3708 1141 3784; x_wconf 88' lang='lat' dir='ltr'>magnam</span> <span class='ocrx_word' id='word_1_198' title='bbox 1160 3687 1313 3784; x_wconf 69' lang='lat' dir='ltr'>pulmo.</span> 
     </span>
     <span class='ocr_line' id='line_1_30' title="bbox 296 3801 1311 3902; baseline 0.002 -26"><span class='ocrx_word' id='word_1_199' title='bbox 296 3801 620 3902; x_wconf 77' lang='lat' dir='ltr'>numphlogosim</span> <span class='ocrx_word' id='word_1_200' title='bbox 640 3817 799 3900; x_wconf 80' lang='lat' dir='ltr'>spectat3</span> <span class='ocrx_word' id='word_1_201' title='bbox 820 3803 904 3902; x_wconf 86' lang='lat' dir='ltr'>quis</span> <span class='ocrx_word' id='word_1_202' title='bbox 921 3827 992 3901; x_wconf 91' lang='lat' dir='ltr'>pro</span> <span class='ocrx_word' id='word_1_203' title='bbox 1004 3817 1109 3880; x_wconf 84' lang='lat' dir='ltr'>certo</span> <span class='ocrx_word' id='word_1_204' title='bbox 1127 3803 1311 3894; x_wconf 74' lang='lat' dir='ltr'>affirmet,</span> 
     </span>
     <span class='ocr_line' id='line_1_31' title="bbox 300 3920 1311 4024; baseline -0.002 -26"><span class='ocrx_word' id='word_1_205' title='bbox 300 3937 389 4000; x_wconf 86' lang='lat' dir='ltr'>cum</span> <span class='ocrx_word' id='word_1_206' title='bbox 419 3920 630 4024; x_wconf 78' lang='lat' dir='ltr'>posteriora</span> <span class='ocrx_word' id='word_1_207' title='bbox 661 3934 829 4012; x_wconf 84' lang='lat' dir='ltr'>teneret,</span> <span class='ocrx_word' id='word_1_208' title='bbox 863 3945 945 4002; x_wconf 81' lang='lat' dir='ltr'>nora</span> <span class='ocrx_word' id='word_1_209' title='bbox 975 3945 1058 4004; x_wconf 78' lang='lat' dir='ltr'>eam</span> <span class='ocrx_word' id='word_1_210' title='bbox 1088 3924 1238 4022; x_wconf 79' lang='lat' dir='ltr'>potius,</span> <span class='ocrx_word' id='word_1_211' title='bbox 1269 3935 1311 3998; x_wconf 92' lang='lat' dir='ltr'>ut</span> 
     </span>
    </p>
   </div>
   <div class='ocr_carea' id='block_1_3' title="bbox 472 4264 479 4296">
    <p class='ocr_par' dir='ltr' id='par_1_4' title="bbox 472 4264 479 4296">
     <span class='ocr_line' id='line_1_32' title="bbox 472 4264 479 4296; baseline 0 0"><span class='ocrx_word' id='word_1_212' title='bbox 472 4264 479 4296; x_wconf 94' lang='lat' dir='ltr'>l</span> 
     </span>
    </p>
   </div>
   <div class='ocr_carea' id='block_1_4' title="bbox 0 0 1418 4652">
    <p class='ocr_par' dir='ltr' id='par_1_5' title="bbox 0 0 1418 4652">
     <span class='ocr_line' id='line_1_33' title="bbox 0 0 1418 4652; baseline 0 1"><span class='ocrx_word' id='word_1_213' title='bbox 0 0 1418 4652; x_wconf 95' lang='lat' dir='ltr'> </span> 
     </span>
    </p>
   </div>
  </div>
 </body>
</html>
