2946 4662
287 445 360 520 500
453 469 499 518 aa
525 465 671 516 sumnus
695 466 740 534 rr
765 465 888 514 oansrs
913 465 1122 514 noaroruu

285 583 401 680 hujus
420 581 584 654 historiae
607 581 716 651 initio
745 579 881 652 diserte
913 578 952 649 id
988 579 1093 677 quod
1127 578 1289 650 voluisse

282 699 454 786 videtur,
476 699 703 796 scripsissem
722 721 862 794 nempe
893 697 1056 769 cultrum
1078 697 1178 774 inter
1203 719 1287 768 cos-

282 833 359 890 tam
373 819 543 914 quintam
565 831 601 887 et
620 829 757 886 sextam
777 839 797 884 a
818 814 957 886 dextris
972 816 1024 886 sic
1036 813 1228 902 adactum,
1244 829 1288 884 ut

223 943 224 948 ’
280 959 411 1008 versus
426 935 543 1006 sterni
558 933 727 1004 medium
747 931 974 1004 ascenderet.

333 1049 363 1124 5.
382 1055 502 1122 Senex
524 1073 712 1121 annorum
743 1049 994 1146 septuaginta,
1019 1071 1040 1118 a
1061 1049 1193 1146 viginti
1214 1049 1285 1118 cir-

279 1169 372 1240 citer
389 1168 497 1240 annis
511 1191 647 1255 caecus,
662 1164 800 1238 caden's
817 1165 1003 1237 sinistram
1015 1165 1180 1237 thoracis
1198 1189 1283 1262 par-

269 1301 355 1358 ·tem
381 1285 475 1358 adeo
502 1270 664 1382 graviter
691 1282 738 1356 ad
772 1283 911 1354 silicem
938 1282 1078 1371 allidit,
1099 1298 1142 1354 ut
1161 1298 1284 1355 costas

275 1401 432 1501 frangat.
452 1401 646 1498 Excipitur
666 1403 706 1472 in
732 1399 832 1471 idem
849 1400 1122 1470 nosocomium.
1150 1399 1284 1472 Pulsus

277 1535 359 1592 erat
370 1519 506 1590 durus:
518 1517 629 1618 dolor
644 1518 683 1586 in
704 1517 787 1590 laesa
806 1531 912 1615 parte
932 1541 1108 1614 gravans,
1127 1532 1164 1588 et
1181 1509 1282 1616 pun·

274 1659 394 1734 gens:
418 1635 614 1732 respiratio
634 1631 864 1713 difficillima.
886 1637 978 1725 Quae
995 1631 1195 1706 difficultas
1211 1635 1282 1707 etsi

273 1754 373 1826 circa
391 1768 569 1852 quartum
584 1751 684 1824 diem
703 1752 881 1823 nonnihil
901 1753 1091 1823 remittere
1106 1753 1184 1824 visa
1204 1766 1279 1840 est;

269 1872 426 1943 ineunte
458 1848 585 1944 tainen
618 1886 722 1943 sexto
746 1871 884 1942 iterum
911 1885 966 1942 est
988 1867 1083 1941 facta
1105 1871 1275 1968 gravior:

269 2011 422 2087 unaque
442 1971 618 2059 delirium
643 1987 817 2060 accessit.
844 1985 988 2078 Quibus
1021 1984 1276 2085 perstantibus

269 2105 469 2194 omnibus,
490 2107 588 2177 circa
607 2131 752 2176 nonum
771 2130 868 2207 aeger
893 2119 948 2176 est
968 2119 1151 2177 mortuus.
1178 2103 1277 2174 Tho·
1366 2126 1369 2131 ·

267 2225 364 2296 racis
385 2248 518 2295 cavum
538 2225 729 2296 sinistrum
746 2223 937 2320 sanguinis
961 2219 1069 2294 effusi
1094 2237 1173 2294 erat
1195 2222 1274 2320 ple-

266 2366 371 2413 num.
387 2346 505 2413 Costa
529 2335 653 2413 autem
672 2341 798 2412 lateris
814 2339 984 2436 ejusdem
1004 2339 1191 2438 legitimae,
1209 2365 1272 2418 su-

264 2483 397 2560 prema
413 2474 590 2557 excepta,
609 2483 741 2530 omnes
763 2470 870 2529 erant
886 2453 1010 2530 fractae
1026 2463 1098 2546 sic,
1124 2474 1177 2529 ut*
1189 2482 1273 2556 sep-

264 2580 374 2661 tima,
405 2599 553 2674 aspera,
576 2590 612 2648 et
640 2574 816 2671 inaequali
840 2571 1003 2667 fractura
1027 2574 1271 2674 diaphragma

190 2693 192 2696 ’
262 2694 517 2766 vulnerasset:
540 2690 645 2789 quod
665 2692 765 2782 circa
779 2690 819 2761 id
840 2691 979 2764 vulnus
995 2691 1166 2789 undique
1191 2707 1272 2764 erat

262 2808 547 2883 inflammatum.
565 2808 678 2899 Quod
704 2807 751 2878 ad
777 2805 978 2881 caecitatem
998 2823 1160 2907 spectat,
1179 2835 1272 2908 que·

262 2925 509 3002 madmodum
537 2925 795 3024 crystallinum
831 2940 1034 3024 utrumque
1067 2926 1270 2998 humorem

262 3043 433 3138 Valsalva
447 3042 621 3116 aflectum
638 3045 845 3134 invenerit,
863 3043 1019 3143 epistola
1035 3045 1168 3144 scripsi
1179 3070 1271 3118 ana·

259 3163 552 3260 tomicaXVlII(
578 3160 606 3259 ).
1063 3253 1067 3260 .

309 3283 344 3356 6.
367 3287 424 3353 En
443 3281 603 3352 alterum
623 3277 918 3377 diaphragmatis
937 3280 1106 3368 sauciati,
1126 3295 1163 3352 et
1186 3304 1269 3352 san-

260 3401 383 3500 guinis
403 3401 504 3470 intro
533 3394 644 3488 effpsi
666 3396 893 3495 exemplum.
917 3397 1027 3469 Nulla
1051 3397 1115 3468 hic
1137 3399 1270 3486 tussis,

257 3517 364 3589 nulla
384 3517 423 3585 in
437 3529 568 3586 ventre
590 3513 790 3612 ponderis,
823 3513 888 3586 sed
914 3515 1101 3611 gravantis
1125 3515 1165 3586 in
1182 3515 1268 3586 tho·
1333 3502 1336 3508 ¹

257 3659 366 3723 racc,
391 3633 672 3732 pungentisque
701 3631 866 3719 doloris,
890 3631 1145 3730 respirationis
1165 3629 1267 3704 diffi-

257 3855 654 3876 *u-——n--U-

296 4012 341 4096 (¹)
361 4015 398 4071 N·
422 4031 470 4089 29·
