2816 5282
305 407 376 482 536
457 433 504 480 uu
531 429 677 482 sturnus
703 431 748 478 rr
773 431 899 480 causis
923 432 1135 482 nonnosum

299 548 517 646 perrumpi,
539 547 742 644 prasertim
755 571 842 617 cum
860 545 910 617 ob
922 549 1048 619 varios
1062 547 1289 646 deprehensi,

301 666 407 753 irati,
425 666 465 733 in
486 662 612 762 fugam
640 665 713 735 acti
732 665 831 736 senis
855 662 1011 736 affectus
1038 667 1152 736 simul
1169 665 1290 737 abnor-

236 871 240 880 ,
300 808 382 854 mes
398 784 676 854 contractiones
690 783 865 853 arteriam
880 782 1110 880 quibusdam
1124 784 1214 855 locis
1224 809 1290 854 arc-

300 915 441 988 tarent,
459 901 571 972 simul
591 902 688 984 rixa,
720 915 756 972 et
781 898 950 998 fugiendi
970 915 1131 972 conatus
1154 901 1291 974 celerius

202 1107 208 1113 ‚
302 1021 542 1116 sanguinem,
560 1034 607 1090 net
631 1017 893 1106 vehementius
912 1019 951 1088 in
970 1021 1091 1117 ipsam
1112 1034 1292 1117 urgerent,

300 1149 343 1208 ut
352 1138 526 1231 ,omittam
542 1161 563 1208 a
580 1134 730 1208 duobus
749 1135 936 1232 ejusmodi
957 1135 1095 1208 ictibus
1112 1136 1222 1234 (quos
1237 1135 1291 1232 hy-

301 1255 542 1353 pochondria
561 1269 688 1325 tamen
711 1253 951 1352 exceperant)
973 1255 1187 1326 Samuelem
1205 1257 1317 1324 eras·

302 1373 420 1460 sium,
438 1373 532 1443 utin
552 1371 1005 1471 Sepulchretoetiam(1)
1032 1372 1156 1470 leges,
1182 1385 1293 1470 praeter

301 1489 460 1575 lienem,
479 1503 801 1584 etveuamcavam
812 1544 821 1576 ‚
833 1489 953 1589 ipsam
967 1514 1126 1587 quoque
1141 1489 1291 1560 arteriam

196 1683 199 1689 ,
302 1629 478 1704 magnam
497 1607 536 1675 in
551 1607 691 1702 juvene
705 1607 931 1705 discerptam
948 1607 1163 1692 vidisseln
1188 1604 1292 1701 bajulo

303 1739 430 1795 autem
445 1723 516 1812 ,tle
535 1748 611 1821 quo
632 1749 721 1794 mox
732 1725 875 1814 dicam,
892 1740 973 1796 tum
994 1727 1204 1822 repentina
1216 1745 1293 1793 mor·

302 1843 370 1931 tis,
400 1857 480 1912 tum
512 1867 643 1913 eorum
665 1868 746 1941 quae
766 1843 807 1913 in
837 1859 990 1914 mortuo
1022 1841 1144 1915 fracta
1171 1855 1293 1940 reperta

303 1974 411 2047 sunt,
438 1984 555 2032 causae
579 1957 733 2032 fuerunt
751 1985 821 2058 per
847 1985 884 2032 se
904 1959 1083 2032 omnibus
1117 1959 1294 2032 evidentis

288 2117 291 2124 ·
304 2079 426 2166 simae,
443 2101 568 2175 neque
577 2076 624 2148 ad
637 2077 832 2150 thoracem
849 2077 1049 2166 duntaxat,
1062 2079 1131 2150 sed
1144 2078 1192 2149 ad
1202 2087 1294 2172 ¹caput

304 2197 416 2266 etiam
443 2209 656 2294 spectantes
673 2220 754 2266 non
773 2219 881 2268 secus
909 2221 952 2268 ac
971 2199 1010 2267 in
1024 2197 1111 2268 viro
1127 2212 1166 2269 et
1180 2197 1293 2294 juvene

303 2337 403 2410 quos
418 2313 552 2406 litteris
572 2312 830 2411 superioribus
846 2314 901 2410 (a)
915 2312 1120 2412 descripsi,
1140 2329 1182 2386 ut
1195 2311 1294 2384 obser·

191 2469 193 2482 ·
302 2432 492 2514 rationem
505 2430 625 2519 hanc,
643 2457 726 2528 quae
741 2430 794 2503 ibi
810 2455 963 2530 quoque
980 2434 1152 2530 proponi
1173 2429 1293 2529 potuis·

302 2564 373 2634 set,
394 2573 473 2618 non
491 2549 562 2620 alia
582 2548 699 2620 ferme
714 2551 859 2622 ratione
869 2551 973 2622 hunc
988 2549 1224 2638 distulerim,
1239 2545 1292 2616 nisi

303 2689 351 2735 ne
372 2679 451 2734 turn
469 2664 567 2738 forte
587 2667 772 2765 prolixior
792 2692 923 2740 essem.

353 2782 409 2879 37.
430 2772 600 2879 Bajulus,
617 2784 1291 2884 virsubpin'guis,etlacertosus,cun

302 2900 443 2972 valeret
461 2903 624 2997 optime,
643 2917 680 2974 et
699 2905 827 2975 nescio
856 2904 1015 3002 quidin
1030 2904 1191 3002 praealto
1214 2917 1292 2976 tecto

303 3035 469 3106 curaret,
491 3021 580 3092 inde
598 3022 637 3090 in
655 3036 807 3094 stratam
834 3022 1000 3096 silicibus
1024 3023 1126 3093 viam
1150 3042 1292 3122 praeceps

301 3162 436 3227 ruens,
454 3136 555 3210 illico
584 3155 759 3214 mortuus
776 3157 852 3226 est,
873 3166 959 3212 cum
984 3165 1114 3212 mense
1140 3137 1291 3238 januario

226 3333 227 3336 Ἴ
301 3256 390 3325 anni
418 3253 508 3351 1725
528 3273 679 3354 tempus
696 3259 943 3358 instaretque
961 3259 1142 3331 solemnis
1160 3261 1199 3328 in
1212 3257 1292 3328 thea-

299 3385 360 3441 tro
372 3387 546 3444 anatome
564 3372 697 3446 haberi
710 3375 772 3447 hic
790 3376 895 3448 solet.
904 3376 1072 3450 Cadaver
1082 3378 1200 3474 agitur
1211 3395 1291 3473 gym-

301 3491 408 3560 nasio
435 3513 657 3563 concessum
684 3508 761 3583 est,
783 3510 819 3566 et
842 3494 995 3566 anobis
1023 3519 1069 3566 eo
1094 3494 1290 3592 diligentius

300 3623 531 3702 persectum,
558 3633 635 3706 quo
662 3609 708 3680 ad
733 3635 815 3681 eam
841 3636 921 3682 rem
943 3625 1022 3683 erat
1047 3612 1087 3682 in
1105 3611 1289 3710 plerisque

307 3779 1289 3807 nnn—..mm

259 3921 266 3934 ·
337 3885 381 3963 (ι)
403 3889 545 3944 InAddit.
565 3891 603 3947 ad
617 3892 693 3950 hanc
707 3901 780 3950 sect.
795 3893 860 3950 obs.
876 3893 925 3951 31.

338 3981 381 4063 (a)
402 3992 440 4046 N.
463 3989 500 4057 st.
519 4001 548 4047 ct
560 3988 607 4048 35.
