2926 4654
256 347 321 421 152

157 479 163 496 “
251 463 527 550 communibus,
556 466 696 558 quippe
720 465 840 556 magis
871 458 926 530 ad
952 466 1156 532 institutam
1188 461 1261 532 hoo

251 606 373 654 meam
389 579 639 657 attinentibus.
661 578 760 666 Mihi
770 581 867 648 enim
877 583 1082 678 proposui,
1098 603 1174 651 aaa
1192 580 1259 650 ho-

250 705 367 770 miaes
382 696 634 767 admiratione
650 696 819 790 afficere,
837 693 905 764 sed
921 719 1020 767 meos
1029 721 1108 794 pro
1124 697 1257 794 quibas
1290 781 1293 787 ,
1363 707 1369 724 “

243 820 481 917 potissimum
491 815 705 898 scriberem,
729 810 921 883 auditores
942 812 1096 884 utiliora
1113 813 1255 884 dooere.

250 939 377 1030 Longe
391 947 517 1003 aatem
534 930 659 1001 atilius
672 945 728 1000 est
738 943 948 1000 monstrare
959 936 1047 1029 ipsis
1058 956 1134 1030 per
1142 930 1257 1002 medi·

252 1035 339 1122 cam'
351 1053 556 1119 anatomen
571 1072 657 1145 qace
669 1071 792 1118 caasa
803 1053 877 1118 sint
894 1073 1023 1120 eoram
1041 1051 1256 1137 morborum

252 1191 346 1266 qaas
364 1189 619 1264 saepenumero
639 1191 754 1262 qaam
775 1189 1012 1264 paucorum,
1045 1190 1138 1264 qaas
1164 1192 1271 1238 nan·-

251 1284 450 1382 qaamfort
451 1306 542 1352 assir
557 1287 594 1352 ia
607 1281 790 1364 medffema
804 1282 1116 1386 exercendafsaat
1127 1288 1256 1355 virori.

251 1405 288 1472 E
290 1415 304 1470 t
311 1400 383 1470 izao
387 1402 476 1492 faor
476 1399 713 1498 aspectabat
723 1405 886 1493 Peyeras
902 1399 937 1497 (
945 1399 984 1498 )‚
974 1425 1083 1531 eaor
1092 1407 1255 1499 scrqrszt

251 1518 399 1592 bonum
423 1541 502 1590 esse
523 1542 627 1590 omm
616 1517 898 1615 aegritudinum
916 1543 1052 1638 genere
1064 1516 1261 1590 defuncto

251 1661 338 1722 rum
355 1635 553 1722 cadavera,
572 1661 737 1734 quorum
749 1635 882 1708 haberi
897 1639 1007 1734 eopia
1024 1652 1164 1734 potest,
1180 1636 1256 1710 dis·

253 1755 370 1826 secari
384 1769 527 1851 ,atque
544 1752 727 1852 describi
738 1748 1075 1826 etconsaltissimas
1095 1755 1258 1830 medicas

253 1871 397 1943 Frider.
416 1872 674 1964 Hoffmartaas
693 1807 765 1968 (i),
789 1897 871 1944 cam
894 1869 949 1944 ad
962 1887 1082 1944 artem
1101 1874 1260 1944 hamini-

255 1991 324 2062 bas
334 1989 570 2080 salutiferam
582 1996 700 2086 magis
702 1989 979 2088 perficiendam
989 1990 1197 2088 optandum
1208 1989 1260 2062 fo·

254 2134 296 2181 re
306 2163 315 2194 ‚
327 2110 580 2196 eatsttmabat,
588 2123 631 2181 ut
643 2107 864 2181 cadaverum
874 2129 1132 2208 ‚quocumque
1147 2113 1258 2184 etiam

253 2225 390 2297 morbo
411 2226 610 2324 perierint,
629 2229 814 2298 sectiones
827 2241 949 2298 essent
961 2223 1268 2324 frequentiores„

217 2366 223 2378 ’
256 2358 293 2416 et
301 2349 420 2440 magis
432 2343 568 2414 diserte
582 2341 736 2414 illustris
745 2350 936 2440 atriasqae
945 2351 1260 2418 nostramamioas

255 2460 432 2533 Halleras
454 2460 527 2559 (3),
555 2487 740 2534 comesse
777 2467 834 2532 ait
864 2462 903 2530 in
935 2461 1259 2536 observationibus

255 2580 509 2678 vulgatiorum
525 2579 750 2652 morborum
765 2579 891 2652 verius
910 2575 1005 2656 forte
1024 2606 1136 2681 quam
1154 2583 1193 2651 in
1204 2582 1259 2654 iis

254 2699 435 2796 pretium,
455 2723 541 2794 qaae
560 2697 654 2768 adeo
674 2722 761 2768 raro
788 2713 1014 2786 occurrunt,
1036 2715 1074 2773 et
1088 2699 1152 2770 vel
1165 2685 1256 2797 pla-

255 2823 362 2904 nias,
403 2818 468 2888 abi
498 2815 553 2912 (Δ)
585 2814 633 2884 de
655 2820 712 2884 Ja.
732 2815 826 2888 eod.
857 2819 1061 2894 Camerarii
1079 2843 1257 2890 memora-

160 2975 163 2980 ·
254 2933 354 3006 bilr'b.
378 2932 506 3004 medic.
525 2935 644 3004 verba
660 2939 866 3028 generatim
877 2939 1050 3028 faciens,
1073 2937 1258 3033 imprimis

254 3067 398 3140 autem,
414 3056 547 3146 inquit,
561 3050 607 3121 ad
623 3053 785 3140 rariora,
800 3068 837 3126 et
849 3053 945 3127 adid
960 3054 1137 3152 respexit,
1153 3054 1258 3152 quod

254 3169 540 3242 admirationem
556 3185 744 3258 moveret,
761 3196 806 3242 eo
823 3173 907 3270 ipso
928 3174 1051 3246 minus
1067 3173 1178 3247 utilis.
1190 3177 1259 3261 rte,-

174 3325 193 3376 Ι
256 3287 377 3386 iiqaos
402 3292 655 3374 oenotriam,
682 3297 738 3358 ati
769 3290 899 3362 solitas
934 3317 1036 3378 sam,
1071 3293 1258 3364 brevitatis

318 3709 485 3764 Prooem.
501 3710 539 3766 ad
554 3711 672 3767 dissert
683 3713 720 3768 de
729 3724 881 3786 pancreat
897 3715 994 3771 morb.

308 3809 440 3864 ,Praef
456 3811 493 3866 ad
511 3830 613 3885 opusc.
615 3814 741 3969 patlroi.
