3000 4658
269 445 341 550 dol
431 469 478 528 bn
505 467 651 526 srnrrus
677 475 721 521 ar
747 471 872 522 carsrs
898 461 1107 528 mortuoram

272 591 364 690 1728
381 592 441 662 vix
466 591 521 662 uti
541 586 656 660 licuit.
676 589 772 661 Nam
792 589 862 659 etsi
887 611 973 660 cum
999 584 1185 658 intestina.
1205 569 1271 655 dc·-

266 709 366 782 trahi
383 709 492 804 jussi,
509 707 692 779 idoneum
705 706 795 788 ¹satis
818 705 939 776 visum
956 718 1031 792 est3
1056 702 1271 800 insequenti

264 841 390 898 tamen
407 825 468 896 die
488 823 660 896 virebant
673 823 750 919 jam
769 822 949 919 pleraq—ue
963 821 1104 904 ventris
1115 822 1267 892 viscera⁴

264 949 349 1016 Haec
365 941 613 1014 nihilominus
629 937 884 1010 animadverti.
902 938 1071 1010 Cressior
1080 951 1159 1009 erat
1166 951 1268 1008 totus

264 1060 363 1132 uteri
380 1056 539 1130 lundus:
562 1055 780 1155 grandiores
795 1070 924 1142 testes,
945 1069 981 1126 et
1000 1053 1264 1130 rotundiores:

265 1201 352 1250 cum
379 1175 518 1248 horum
542 1175 659 1245 altero
685 1187 889 1243 connatum
915 1185 994 1243 erat
1019 1172 1170 1269 penitus
1194 1195 1267 1242 suae

264 1293 365 1367 tubae
384 1291 580 1365 orificium.
607 1294 734 1362 Testes
759 1303 883 1360 autem
907 1290 980 1387 ipsi
999 1289 1149 1360 dissecti
1173 1287 1269 1358 nihil

179 1477 185 1496 ,
263 1411 452 1512 peculiare
479 1408 743 1498 ostenderunt,
762 1409 835 1480 nisi
854 1407 959 1506 quod
976 1407 1060 1505 plus
1077 1405 1269 1484 habebant

264 1529 460 1617 humoris,
480 1551 592 1625 quam
614 1525 766 1600 soleant.
790 1525 968 1597 Thoracis
982 1525 1133 1622 utrique
1148 1549 1266 1598 caveae

264 1669 363 1744 aqua
387 1647 518 1716 inerat.
545 1644 679 1716 Cordis
702 1644 890 1743 posterior
918 1640 1029 1716 lacios
1051 1643 1172 1714 virere
1188 1643 1264 1738 jam

263 1760 479 1860 incipiebat.
510 1765 630 1859 Caput
654 1775 779 1832 autem
801 1761 979 1858 pessime,
1010 1773 1053 1831 ut
1077 1774 1267 1858 parerat,

263 1880 365 1950 inter
381 1903 512 1952 omnes
527 1893 652 1977 partes
672 1903 710 1951 se
729 1876 871 1948 habuit.
892 1881 987 1960 Nam
1008 1878 1076 1950 etsi
1096 1878 1265 1948 cranium

266 2012 345 2070 erat
358 1997 565 2095 integrum,
583 2021 655 2094 pus
666 2012 790 2067 tamen
803 1996 902 2066 inter
918 1998 1041 2093 ipsum
1055 2010 1092 2068 et
1106 2019 1266 2070 crassam

264 2113 819 2212 meningem,ethaecpraetcrea
834 2114 940 2210 quasi
949 2111 1126 2210 sphacelo
1135 2110 1267 2185 affecta

264 2230 574 2332 deprehensaest.

316 2349 347 2424 5.
369 2350 662 2422 Vulneratorum
693 2370 854 2446 corpora
880 2344 1016 2436 fetida,
1055 2345 1204 2430 viridia,
1229 2361 1267 2419 et

263 2466 418 2567 putrida
438 2489 517 2536 non
538 2465 658 2537 multo
679 2479 765 2563 post
781 2479 942 2536 mortem
970 2487 1136 2562 persaepe
1161 2457 1266 2552 lieri,

263 2584 480 2660 mirandum
498 2597 668 2670 nonest,
695 2607 781 2654 curn
802 2585 875 2653 icta
897 2605 984 2680 pars
1002 2581 1079 2679 jam
1095 2607 1208 2682 pure,
1228 2596 1266 2654 et

265 2704 366 2778 sanie
393 2714 532 2774 scatere
568 2701 701 2797 coepit,
732 2714 769 2771 et
792 2698 1054 2800 multomagis
1087 2699 1264 2799 sphacelo

263 2820 423 2917 corripi,
441 2817 545 2889 velut
558 2816 632 2888 hic.
646 2821 769 2888 Pravae
782 2817 899 2906 enim,
912 2833 1173 2916 corruptaeque
1186 2841 1269 2916 par-

261 2937 385 3012 ticulae
403 2959 472 3034 per
490 2957 649 3023 venosa,
668 2949 733 3006 aut
753 2933 981 3032 lymphatica
998 2935 1166 3034 disrupta
1182 2959 1264 3008 vas-

262 3051 588 3154 culasanguinem
610 3050 796 3141 subeunt,
819 3077 905 3124 cum
926 3077 1048 3151 eoque
1067 3077 1135 3152 per
1150 3077 1265 3126 omne

262 3193 400 3272 corpus
415 3168 598 3242 feruntur.
620 3167 664 3240 ld
678 3169 717 3239 in
735 3171 866 3268 capitis
878 3195 1032 3268 quoque
1043 3169 1266 3244 vulneribus

259 3291 387 3363 locum
405 3286 563 3373 habere,
583 3311 662 3357 non
685 3287 801 3360 semel
818 3288 997 3377 vidimus,
1020 3289 1060 3358 in
1074 3313 1151 3360 anu
1170 3313 1265 3387 prae-

260 3408 391 3480 sertim
410 3425 541 3500 quam,
571 3401 619 3476 de
642 3405 832 3477 sterilitate
855 3405 903 3477 ad
927 3420 964 3478 te
987 3404 1193 3480 scribentes
1209 3407 1266 3505 (ι)

260 3521 648 3598 commemoravimus.
659 3518 891 3620 Tempestate
900 3519 1264 3622 enimlrigidissima,

258 3655 297 3714 et
305 3638 445 3712 ventris
458 3636 663 3711 visceribus
680 3639 754 3712 cito
772 3637 967 3731 detractis,
979 3655 1128 3741 septum
1137 3643 1260 3741 ipsum

251 3853 1259 3884 W

295 4009 340 4092 (ι)
360 4011 453 4086 Epist.
469 4007 525 4080 46,
540 4028 571 4064 n.
585 4008 633 4068 26.
684 4055 689 4062 ,
