2828 4652
291 451 364 519 roo
448 467 495 514 nn
521 439 666 512 exorans
690 461 735 511 nr
760 459 884 510 orusrs
909 459 1120 510 troanonnu
1144 445 1167 458 ”

279 581 412 683 pulsus
430 575 651 665 deficerent,
674 597 890 675 corpusque
920 572 1148 674 frigesceret.
1182 581 1288 653 Tune

278 699 374 772 hora
392 699 453 768 vix
480 709 560 769 erat
582 719 628 768 ex
654 717 732 791 quo
756 693 924 792 puellam
946 691 1132 782 ediderat,
1161 720 1288 792 neque

277 831 413 918 praeter
440 814 606 912 aliquam
632 808 942 884 membranarum
972 825 1141 909 partem,
1170 837 1285 910 quam

278 957 368 1007 sana
391 945 428 1004 et
439 929 561 1001 vitalis
579 927 706 1028 puella
725 949 853 1023 secum
873 942 1054 1017 traxerat,
1073 927 1289 1027 quidquam

277 1039 530 1126 secundarum'
547 1046 767 1146 prodierat,
793 1045 869 1118 sive
889 1045 994 1143 quod
1011 1045 1185 1144 placenta
1207 1073 1289 1121 arc-

275 1170 351 1243 tius
367 1167 594 1253 adhaereret,
612 1164 688 1236 sive
701 1161 808 1261 quod
820 1161 1003 1234 obstetrix
1021 1179 1162 1236 natura
1173 1189 1288 1264 opern

276 1282 547 1385 expectandam
566 1281 791 1370 censuisset,
811 1293 854 1352 ut
872 1305 956 1378 quae
976 1297 1130 1379 neptem
1149 1285 1286 1355 merni-

276 1404 394 1476 nisset
410 1423 513 1474 suam
532 1399 624 1470 olim
641 1397 876 1470 restitantem
888 1397 1113 1496 placentam
1130 1397 1290 1474 feliciter

276 1522 430 1620 ejecisse
449 1519 597 1592 decimo
609 1518 686 1615 jam
709 1541 730 1587 a
746 1523 858 1614 partu
877 1514 948 1588 die.
970 1519 1066 1588 Cum
1085 1518 1203 1616 igitur
1222 1546 1290 1595 ne·

279 1664 357 1738 que
375 1637 525 1738 pulsuS,
544 1660 670 1735 neque
688 1634 791 1706 calor
809 1632 997 1722 redirent;
1020 1636 1118 1708 intra
1145 1641 1290 1736 sesqui·
1399 1635 1400 1650 ¹

275 1756 472 1828 horamex
492 1779 570 1853 quo
593 1752 634 1824 hi
653 1749 892 1840 defecerant,
925 1772 1030 1824 mors
1050 1757 1288 1852 supervenit,

276 1900 357 1947 non
370 1875 604 1959 intermisso,
623 1870 729 1969 quod
739 1869 780 1940 in
799 1893 844 1942 eo
857 1869 1036 1969 pulsuum
1051 1870 1201 1945 defectu
1216 1876 1287 1945 mi·

275 1984 443 2081 raberis,
467 1991 513 2064 ad
531 1989 706 2063 ultimum
726 2011 849 2086 usque
863 1989 948 2060 vitae
963 2004 1172 2062 extremum
1193 2017 1285 2065 eon-

276 2127 384 2186 sueto
404 2110 598 2210 sanguinis
616 2131 662 2180 ex
678 2120 787 2179 utero
802 2102 956 2179 effluxu.

325 2227 492 2301 Cadaver
508 2225 714 2298 incidimus
735 2222 831 2296 hora
856 2223 904 2296 ab
926 2225 1083 2296 interitu
1107 2226 1286 2325 vigesima

275 2361 419 2446 quarta.
440 2344 557 2440 Cujus
581 2369 627 2415 ex
640 2367 707 2414 ore
723 2357 761 2414 et
781 2339 938 2413 naribus
961 2341 1099 2432 multa,
1117 2359 1154 2416 et
1173 2369 1285 2443 grave

275 2463 382 2536 olens
398 2485 495 2559 aqua
512 2454 701 2533 effluebat.
729 2458 881 2532 Ventris
905 2475 1035 2531 tumor
1058 2477 1139 2532 erat
1157 2477 1294 2537 tantus

273 2595 318 2654 ut
336 2579 510 2675 majoris,
529 2603 578 2650 ne
592 2578 631 2648 in
651 2577 810 2671 asciticis
833 2574 1009 2673 quidem,
1036 2577 1187 2651 anobis
1215 2583 1286 2654 visi

273 2694 531 2772 recordemur.
550 2696 638 2787 Qui,
654 2695 861 2793 peritonaeo
873 2692 1016 2781 incis0,
1034 2717 1114 2765 non
1130 2697 1203 2768 nisi
1219 2721 1286 2795 pa-

274 2838 363 2889 rum
380 2811 571 2902 subsedit3
596 2809 710 2884 fiebat
729 2812 832 2884 enim
851 2825 931 2882 tum
958 2835 979 2882 a
999 2813 1230 2904 ventriculo,
1248 2831 1286 2888 et

259 2931 487 3017 intestinis,
506 2955 591 3002 aere
608 2931 795 3002 mirumin
811 2927 969 3000 modum
985 2927 1180 3020 distentis,
1201 2947 1283 3006 tum

274 3047 326 3122 ab
336 3063 446 3120 utero
465 3045 525 3120 his
544 3046 733 3144 subjecto,
756 3047 824 3145 qui
840 3045 1006 3118 rotunda
1029 3049 1087 3119 sui
1106 3050 1207 3121 mole
1224 3065 1285 3122 toa

274 3181 352 3240 tam
368 3165 509 3263 pelvim
534 3189 614 3235 non
641 3163 796 3236 tenebat
813 3163 946 3253 modo,
979 3162 1045 3236 sed
1064 3166 1281 3240 excedebat.

274 3287 386 3359 Hunc
405 3305 491 3353 cnm
505 3280 684 3354 omnibus
697 3305 780 3379 quae
790 3281 838 3352 ad
856 3282 981 3380 ipsum
999 3283 1178 3373 attinent,
1197 3309 1283 3382 par·

275 3383 608 3500 tiliuspriusquanr
627 3399 904 3488 excideremus,
918 3398 1073 3472 effusam
1084 3402 1123 3471 in
1140 3406 1283 3477 ventris

188 3527 191 3530 ’
274 3517 416 3617 pelvim
427 3531 623 3587 cruentam
641 3540 778 3614 aquam
795 3515 1137 3590 animadvertimus.
1163 3523 1282 3595 Antea

239 3727 245 3732 Ι
276 3648 403 3707 autem
421 3657 506 3707 vasa
531 3659 614 3731 quse
632 3633 702 3705 sub
721 3633 905 3707 feminum
925 3649 1010 3707 cute
1032 3660 1152 3734 prope
1176 3641 1282 3736 geni-

272 3751 349 3827 tale
367 3766 479 3839 sunt,
496 3749 648 3852 oppleta
670 3753 853 3850 sanguine
878 3752 1278 3831 animadverteramus:

273 3881 313 3942 et
327 3867 442 3968 pubis
458 3892 540 3942 ossa
559 3893 635 3968 qua
643 3869 862 3968 junguntur
881 3871 981 3942 inter
997 3895 1055 3961 se,
1084 3897 1171 3944 cum
1191 3892 1279 3950 ante

274 3986 479 4079 sectionem
508 3983 626 4086 digito
656 3999 817 4078 tentata,
839 3984 1057 4078 dehiscere,
1081 4003 1146 4064 aut
1177 4007 1279 4066 certe
