2854 4660
295 448 367 546 370
464 465 511 514 os
536 461 683 514 surmus
707 463 752 510 ur
777 460 903 516 clusis
927 460 1139 512 uonuonuu

294 599 397 658 totus
433 593 537 667 erat,
575 576 874 670 examinuturus,
908 577 948 648 iu
984 576 1178 652 dexteram
1208 561 1311 654 illam

295 703 409 798 hujus
430 699 546 772 cranii
566 711 711 796 partem
735 695 926 793 scalprum
945 697 1082 770 malleo
1101 697 1312 795 adegisset,

191 891 192 896 ,
295 820 428 896 fissura
451 818 522 915 ipsi
547 818 587 886 in
611 827 859 912 conspectum
879 837 918 886 se
944 814 1076 904 dedit;
1097 815 1245 888 dubius
1259 832 1313 888 ta-

295 935 492 1024 mensuit,
511 933 649 1006 malleo
669 931 766 1021 hac,
790 955 838 1002 an
854 931 945 1004 illia
965 957 1054 1006 casu
1072 936 1314 1031 percussioni

295 1056 508 1132 deberetur.
526 1049 640 1143 Quod
658 1048 847 1147 reliquum
862 1065 938 1136 est,
965 1065 1089 1122 totum
1106 1051 1313 1124 cerebrum

295 1178 325 1248 si
339 1174 493 1274 paulum
511 1169 674 1266 excipias
694 1168 786 1254 seri,
807 1166 912 1264 quod
929 1168 968 1240 in
984 1170 1212 1242 ventriculis
1224 1168 1314 1261 tuit,

294 1290 501 1366 secundum
512 1301 697 1360 naturam
713 1309 752 1358 se
772 1284 919 1360 habuis
1112 1379 1115 1389 ῃ

342 1409 400 1506 39.
415 1409 483 1478 Vir
502 1427 690 1478 annorum
715 1405 1014 1502 quinquaginta,
1035 1403 1163 1503 lapide
1175 1428 1314 1503 percu-

293 1529 387 1602 titur
410 1526 456 1596 ad
479 1523 646 1595 medium
675 1519 792 1594 ferme
825 1522 1069 1620 supercilium
1097 1523 1315 1613 sinistrum,

295 1671 369 1745 qua
392 1666 532 1718 nervus
550 1666 596 1714 ex
613 1639 738 1714 orbita
759 1639 963 1737 egreditur.
994 1640 1124 1714 Multis
1156 1640 1207 1714 ab
1237 1643 1315 1716 ictu

294 1765 428 1862 elapsis
447 1762 552 1832 horis
568 1761 607 1833 iu
623 1760 889 1833 nosocomium
910 1759 1044 1856 saepius
1064 1759 1313 1832 nominatum

293 1877 477 1967 defertur,
495 1876 564 1950 ubi
584 1874 746 1948 vinculis
778 1877 818 1946 in
844 1875 944 1951 lecto
978 1877 1135 1948 retineri
1156 1901 1313 1950 necesse

294 1995 366 2070 fuit
388 1996 438 2068 ob
470 1998 655 2068 immanes
684 1993 927 2066 convulsivos
946 1992 1115 2070 universi
1138 1998 1315 2094 corporis

236 2103 240 2110 ’
293 2131 430 2190 motus.
454 2114 578 2186 Clausi
606 2127 713 2190 eraut
745 2111 874 2190 oculi:
895 2111 1033 2184 mentis
1060 2112 1236 2186 actiones
1266 2113 1314 2187 le·

247 2241 251 2251 '
293 2234 499 2310 riabantur.
514 2231 687 2328 Denique
707 2230 899 2327 trigesima
911 2243 1012 2302 sexta
1024 2227 1072 2302 ab
1085 2230 1166 2302 ictu
1184 2248 1313 2304 exacta
1418 2269 1419 2272 ¹

214 2430 218 2436 ,
294 2352 412 2432 hora.
429 2375 513 2428 curn
532 2349 667 2420 harum
683 2348 816 2420 ultima
828 2347 884 2418 illi
902 2349 1218 2444 conquievissent
1239 2375 1313 2422 mo-

294 2485 374 2555 tus,
387 2469 538 2540 interiit.
560 2467 686 2538 Cranii
710 2468 910 2564 portiones
926 2465 1057 2564 plures
1069 2489 1200 2565 supra
1215 2468 1312 2540 orbi·

294 2603 370 2661 tem
389 2583 511 2658 fractae
533 2592 660 2658 erant:
677 2609 838 2682 quarum
857 2609 935 2656 uua
954 2565 1062 2656 acuta
1077 2583 1220 2658 duram
1240 2613 1311 2660 me

296 2709 451 2800 ningem
475 2703 686 2801 pungebat,
713 2702 767 2774 ibi
796 2717 997 2801 propterea
1025 2701 1310 2778 inflammatam.
1413 2787 1414 2790 Ἴ

297 2824 398 2914 Quin
420 2823 515 2892 rima
532 2823 642 2892 etiam
662 2836 811 2953 reqerta
835 2822 947 2894 estin
977 2821 1179 2920 opposit03
1199 2823 1310 2896 idest

298 2940 455 3014 dextero
469 2939 582 3010 latere
596 2961 639 3010 ea
656 2939 736 3036 ipsa
753 2954 858 3036 parte
877 2963 960 3036 quae
977 2937 1103 3013 fracta
1119 2941 1311 3016 asinistris

298 3055 562 3158 respondebat.
600 3059 644 3126 In
674 3055 831 3130 cerebro
863 3080 988 3130 serum
1020 3073 1076 3130 est
1109 3059 1309 3134 inventum

299 3173 590 3276 quodammodo
602 3174 802 3246 saniosum.
819 3179 1098 3248 Caeterumcum
1112 3177 1206 3252 alias
1221 3203 1310 3276 quo·

301 3321 376 3392 que
404 3307 517 3391 caput
537 3291 651 3388 hujus
679 3293 750 3364 viri
779 3289 910 3366 fuisset
936 3295 1164 3384 sauciatum;
1184 3297 1310 3368 videre

302 3410 357 3482 ibi
383 3411 488 3482 licuit
517 3409 621 3482 unde
649 3425 730 3482 tum
766 3408 888 3482 ablata
915 3435 1003 3508 pars
1025 3413 1146 3484 cranii
1174 3411 1309 3498 dierat,

301 3526 689 3622 crassam-quamdam
716 3526 977 3630 membranam
994 3552 1078 3626 quae
1104 3531 1202 3604 ossis
1218 3555 1309 3628 pen-

302 3643 407 3718 sabat
416 3645 547 3716 vicem.
570 3633 902 3720 Huicmembrana
912 3645 1008 3720 dura
1020 3648 1179 3721 meniux
1190 3649 1307 3722 valide
1395 3695 1396 3700 ,

300 3762 523 3836 adhaerebat.
637 3757 639 3764 '

350 3885 409 3970 do.
429 3886 567 3954 Praeter
586 3877 661 3950 hoc
675 3875 870 3969 ultimum,
885 3881 1091 3983 quodcum
1103 3883 1308 3958 observatis
