2828 4652
318 408 387 492 ¹¹4
479 423 526 472 aa
551 422 699 472 sumnus
724 423 768 470 nr
793 399 917 471 caosrs'
942 420 1153 474 neanoactu

310 555 382 641 put
393 553 548 613 ventum
570 539 644 625 est,
658 533 815 609 confirsa
830 556 959 610 rerum
972 540 1140 612 occumit
1163 551 1319 640 cotupa·

312 683 387 758 ges.
407 659 539 754 Neque
561 655 663 728 enim
691 653 791 742 ossa,
818 654 936 726 cranii
957 652 1144 730 fornicem
1167 656 1320 732 efficere

311 775 439 862 solita,
454 796 582 870 neque
602 772 722 843 cranii
752 792 883 844 cavum
909 771 1228 865 inveniebantur3
1254 775 1321 848 sed

312 915 396 965 ossa
414 889 597 962 duntaxat
620 887 797 960 abnormi
824 885 962 987 figura,
989 890 1218 989 adaperta,
1247 891 1320 962 alia

310 1008 505 1108 aliquanto
529 1007 692 1104 majora,
726 1007 827 1078 inter
854 1007 893 1080 ¹se
926 1008 1102 1080 intricate
1127 1009 1322 1082 musculo-

311 1149 399 1200 rum
418 1141 519 1198 nexu
537 1123 720 1222 colligata.
739 1123 895 1197 Cerebri
910 1137 1038 1197 autem
1056 1149 1104 1198 ne
1117 1127 1320 1225 vestigium

312 1244 467 1344 quidem
484 1256 678 1342 repertum
691 1255 764 1332 est,
780 1242 853 1314 nisi
877 1242 983 1340 quod
1002 1265 1163 1343 corpora
1183 1255 1321 1318 occur·-

310 1375 446 1436 rerunt
478 1358 647 1449 cerebri,
676 1375 783 1433 nates
822 1373 860 1431 et
882 1375 996 1434 testes
1023 1361 1192 1460 perbelle
1219 1359 1319 1436 rete-

312 1482 452 1572 rentia‚
469 1475 535 1552 sed
551 1475 672 1578 figura
688 1493 819 1567 tenus;
837 1493 927 1550 nam
949 1481 1112 1554 exterius
1128 1481 1322 1556 membra·
1403 1565 1404 1582 χ

313 1599 396 1673 reis
412 1596 571 1670 nexibus
588 1593 758 1693 undique
781 1593 928 1669 firmata
935 1635 947 1683 ‚=
966 1597 1125 1670 interius
1151 1623 1233 1670 non
1263 1621 1321 1671 ce-

313 1709 657 1792 rebri'substantiae
681 1714 761 1785 ullo
788 1729 900 1812 pacto
931 1715 1064 1787 sinilia
1094 1731 1222 1807 eraut,
1256 1717 1323 1791 sed

314 1835 467 1935 corpori
486 1835 613 1934 potius
642 1831 805 1921 cuidam,
839 1832 970 1906 media
995 1835 1094 1906 inter
1122 1830 1323 1934 glandule·

314 1973 398 2027 sum
424 1966 461 2025 et
487 1951 737 2049 spongiosum.
754 1963 906 2021 natura.
938 1949 1050 2041 Quod
1085 1952 1154 2023 e'tsi
1192 1967 1322 2050 neque

313 2071 515 2145 cerebrum
530 2065 724 2155 defuisset,
743 2083 781 2140 et
796 2067 922 2167 puella
941 2066 1020 2140 haec
1038 2070 1162 2141 vitare
1181 2073 1324 2169 potuis·
1404 2067 1405 2082 ³

315 2204 389 2278 set,
422 2205 549 2260 tamen
579 2209 659 2258 non
696 2206 802 2272 secus
838 2206 881 2257 ac
913 2201 1082 2276 sorores,
1107 2190 1322 2263 necessario

315 2305 445 2394 surda,
458 2302 587 2378 firisset
605 2319 805 2402 propterea
815 2303 905 2402 quia
920 2319 1128 2404 utrumque
1139 2303 1324 2398 foramen,

250 2441 253 2450 ⁴
315 2447 385 2524 per
408 2421 514 2520 quod
539 2419 734 2494 acerehro
757 2421 805 2493 ad
834 2414 943 2495 aures
964 2424 1072 2500 uerti
1101 2426 1322 2516 mittuntur,

314 2539 527 2613 firmissima
546 2537 819 2610 occludebatur
830 2541 1071 2632 membrana,
1086 2558 1130 2615 ut
1148 2566 1198 2616 ne
1216 2547 1323 2617 tenui
1405 2629 1406 2644 χ

312 2655 471 2758 quidem
498 2655 691 2728 filamento
728 2667 869 2728 ncrteo
905 2657 1008 2730 ullus
1041 2659 1323 2758 relinqueretur
1405 2657 1406 2674 ¹

313 2777 501 2849 transitus.
518 2777 596 2858 Nec
610 2797 700 2846 vero
718 2775 836 2873 magis
852 2773 957 2847 licuit
971 2777 1154 2874 spinalem
1172 2778 1322 2852 medul.

314 2894 405 2981 lam,
438 2907 502 2964 aut
526 2885 771 2991 principium
788 2891 946 2990 aliquod
973 2895 1144 2968 invenire
1171 2918 1217 2967 ex
1245 2921 1322 2994 quo

313 3011 422 3084 nervi
437 3011 587 3082 initium
603 3023 805 3108 caperent,
823 3033 906 3109 quae
913 3014 1144 3110 caeteroquin
1155 3038 1226 3111 per
1237 3027 1324 3087 veri·

313 3144 430 3217 trem,
454 3126 669 3213 thoracem,
710 3141 813 3200 artus
841 3124 1061 3202 naturaliter
1091 3127 1321 3204 ferebantur.

313 3241 408 3322 llam
417 3245 477 3319 vel
487 3244 798 3333 crassissimos‚ut
808 3259 900 3344 puta
911 3247 1089 3336 crurales,
1099 3261 1326 3348 persequeri-

315 3364 367 3438 do
381 3360 498 3436 ubiad
508 3361 655 3460 spinam
670 3361 885 3452 accederes,
901 3365 1040 3436 sensim
1060 3364 1142 3438 fieri
1151 3367 1323 3440 exiliores
1405 3403 1406 3458 f

313 3481 470 3555 vidisses
495 3494 532 3551 et
558 3480 598 3549 in
613 3481 770 3576 spinam
787 3481 942 3578 quidem
966 3480 1094 3581 infigi3
1122 3509 1255 3557 verum
1282 3489 1324 3558 in
1405 3469 1406 3506 l

314 3598 387 3672 hac
406 3613 485 3671 tota
497 3619 576 3668 non
593 3596 709 3668 modo
724 3597 868 3668 nullam
888 3615 968 3671 esse
981 3599 1186 3674 medullam
1204 3605 1324 3702 spina·
1405 3689 1406 3708 χ

314 3718 406 3806 lem,
446 3714 511 3788 sed
529 3735 600 3786 nec
617 3729 750 3786 mrum
775 3715 896 3788 ullum
913 3741 992 3816 quo
1021 3719 1189 3793 medulla
1224 3743 1326 3795 eom·

314 3831 504 3934 prehendi
523 3847 660 3930 posset.

365 3955 423 4048 49.
446 3939 708 4022 Etsillalsalva
726 3947 889 4024 scribere
908 3952 1257 4047 omisit‚ruortuus‚
1275 3979 1325 4028 an
