2946 4662
201 444 269 490 ιη.
286 439 758 504 rv.narronn1son1nnnc.,
777 431 845 491 etc.
860 441 971 491 nrrsr.
989 443 1051 488 nn.
1081 425 1147 517 49¹

150 581 224 656 que
244 555 368 652 primo
380 569 533 652 aspectu
551 556 673 626 visum
694 569 750 630 est
763 553 921 642 vulnus,
938 555 1045 652 quod
1064 553 1161 642 mox.

149 674 326 745 attentius
356 671 592 757 contuendo,
622 685 761 742 etcum
782 674 945 768 partium
970 674 1133 744 naturali
1143 713 1160 760 ,‹

148 813 193 864 ex
210 801 385 865 anatome
400 803 508 877 nota,
524 803 731 876 structura,
745 803 782 864 et
793 789 1039 888 dispositione
1051 808 1153 866 oom-
1200 850 1202 854 -

148 907 338 1008 parando,
354 909 614 1008 gravissimum
625 907 802 1004 quidem,
816 923 1045 1005 etrnagnum
1055 963 1072 998 ,.
1085 907 1163 990 sed

146 1027 267 1100 multo
282 1049 413 1124 reapse
429 1027 555 1098 minus
576 1022 810 1124 profundum
836 1039 935 1114 esse,
951 1049 1067 1124 qnam
1099 1029 1160 1100 vi-

146 1143 320 1233 deretur,
339 1145 533 1242 cognitum
551 1157 617 1218 est.
643 1196 647 1204 «

193 1267 252 1349 lm.
269 1264 329 1336 De
351 1259 549 1336 vulnerato
565 1273 691 1332 autem
725 1257 834 1332 labro
858 1257 953 1330 illud
982 1261 1159 1337 memini,

144 1383 239 1454 Cum
260 1379 354 1454 alter
368 1377 499 1452 cedem
514 1375 632 1452 ferme
646 1391 755 1450 atate
768 1400 880 1475 puer,
900 1391 1089 1454 annorum
1102 1379 1157 1460 vir,

144 1497 296 1584 delicet,
314 1495 362 1570 ad
378 1493 598 1584 duodecim,
615 1493 682 1566 sed
696 1495 989 1593 generosissimae
1005 1497 1154 1596 stirpis,

142 1615 243 1688 inter
263 1613 493 1688 currendum
511 1613 551 1686 in
572 1609 703 1688 faciem
725 1612 938 1702 cecidisset,
961 1611 1154 1715 fregisset*

142 1755 218 1831 que
232 1733 271 1804 in
282 1747 537 1806 transversum
554 1730 602 1802 ad
615 1755 872 1808 marmoreum
886 1726 1153 1830 pavimentum

143 1875 266 1927 unurn
281 1875 326 1924 er
343 1848 603 1948 superioribus
616 1847 794 1924 dentibus
813 1851 1021 1936 incisoriis,
1045 1853 1092 1924 ab
1107 1877 1153 1930 er·

141 1968 268 2043 dentis
293 1982 400 2066 parte
427 1991 520 2064 qua·
541 1965 702 2064 abrupta
730 1963 876 2056 tuerat,
903 1969 1075 2066 superins
1092 1971 1154 2046 da„

141 2086 255 2160 hrum
274 2080 497 2159 transfixum
512 2099 578 2158 est
604 2088 763 2182 Jamque
778 2099 925 2158 attenta
952 2084 1153 2184 chirurgo*

140 2229 228 2279 rum
244 2227 359 2290 cura,
380 2203 621 2298 circumjecta
642 2201 794 2274 ¹vulneri
819 2202 916 2276 labri
938 2227 1024 2301 pars
1039 2199 1152 2283 detu'-

139 2336 306 2409 muerat,
324 2321 555 2418 metiorque
575 2334 654 2396 oret
671 2319 790 2392 facta:
815 2335 995 2396 neutrum
1025 2336 1152 2400 monn

139 2438 319 2512 vulneris
340 2435 527 2512 orificium
559 2437 606 2512 ad
642 2437 929 2537 glutinationem
959 2436 1152 2538 vergebttt

138 2559 215 2632 irno
228 2555 322 2662 huic
335 2554 529 2635 flaccidior
541 2554 865 2664 humidiorquein
887 2553 1044 2632 nulnere
1062 2581 1151 2636 caro

138 2675 383 2774 pertinaciter
398 2673 660 2774 repugnabat,
686 2675 856 2750 extranei
884 2673 1028 2773 aliquid
1049 2675 1153 2753 intus

139 2793 253 2865 latere
282 2792 587 2892 suspicabamur,
624 2792 689 2869 sed
713 2791 818 2891 quod
843 2817 972 2892 reapse
992 2791 1151 2881 latebat,

127 2909 179 2983 'id
199 2913 341 2984 nemini
360 2911 400 2982 in
415 2926 581 2984 mentem
598 2912 729 2984 venire
750 2925 918 3007 poterat,
936 2934 1024 2982 curn
1043 2908 1152 2988 ebru-

137 3044 242 3126 ptam
257 3029 381 3102 dentis
399 3043 563 3128 partem,
582 3042 624 3100 ut
644 3052 686 3098 ea
706 3026 874 3103 vulneris
889 3025 1151 3102 orificinmer-

137 3147 254 3220 terius
275 3145 437 3236 fecerat,
454 3147 505 3218 sic
524 3145 611 3218 illac
626 3142 831 3230 excidisse,
850 3159 887 3216 et
904 3169 1021 3242 aeger,
1041 3143 1151 3216 etdo·

140 3265 287 3336 mestici
311 3286 445 3338 omnes
463 3264 541 3361 jam
568 3260 657 3335 inde
677 3261 725 3339 ab
743 3261 853 3334 initio
873 3277 954 3335 tum
963 3277 1150 3359 procorto

140 3383 389 3456 credidissent
417 3385 512 3483 ipsi,
543 3398 622 3454 tum
645 3379 739 3452 mihi
765 3378 1029 3478 chirurgisque
1046 3377 1151 3454 affir-

136 3515 311 3574 massent.
338 3506 391 3572 Ea
410 3517 535 3574 tamen
550 3503 631 3600 ipsa
654 3523 740 3598 pars
757 3496 882 3572 dentis
896 3499 995 3572 intra
1011 3499 1150 3574 vulnus

137 3616 292 3690 condita
310 3633 414 3690 erat:
442 3643 515 3716 qua
536 3617 644 3690 facile
668 3617 855 3706 detracta,
881 3617 1020 3689 vulnus
1055 3617 1148 3706 cito,

134 3735 322 3832 nulloque
334 3739 488 3834 negotio
514 3737 560 3810 ad
588 3737 801 3812 cicatricem
824 3735 1052 3834 perductum
1079 3749 1148 3810 est,
1214 3724 1223 3730 ’

132 3855 188 3926 Er
219 3876 299 3949 quo
318 3852 455 3945 discos,
482 3856 522 3926 in
541 3853 774 3950 ejuscemodi
804 3851 1041 3928 examinibus
1063 3853 1148 3926 nnl-

133 3970 185 4061 la,
210 3969 322 4041 etiarn
339 3973 417 4044 veri
438 3971 650 4062 simillima,
665 3972 891 4046 narratione
915 3985 1015 4044 stare
1032 3993 1147 4068 opor-
