2946 4662
296 419 368 512 436
451 439 499 486 ur
523 434 671 486 surmus
695 435 740 482 rr
764 433 890 484 crusis
914 433 1124 486 uonnormr

294 572 421 648 tamen
440 548 961 650 symptomatibussscorreptos
986 575 1068 648 quae
1084 551 1132 624 ab
1152 555 1296 652 Hippo-

290 687 392 746 crate
410 684 686 758 memorantur,
713 693 752 740 se
773 668 913 764 pariter
940 675 1110 766 sequenti
1134 669 1195 740 die
1214 696 1296 744 mu·

212 823 216 830 ·
288 790 420 861 lierem
439 791 591 857 omnino
615 781 812 856 liberatam
830 809 910 856 esse
931 785 1088 857 visuros.
1118 785 1190 858 Sed
1206 813 1294 860 cum

288 931 333 980 ea
351 929 436 1004 spes
452 901 557 1002 'ipso's
575 898 741 989 falleret,
757 901 804 971 ad
819 926 954 1000 aegram
970 926 1153 975 accersor.
1178 907 1295 1002 Cujus

286 1047 412 1120 neque
429 1035 545 1118 caput
560 1018 769 1118 quidquam
788 1017 1013 1092 ostendebat
1023 1021 1119 1118 signi
1136 1047 1211 1120 qua
1223 1048 1295 1122 po-

286 1142 472 1214 tissimum
504 1153 610 1237 parte
638 1133 769 1210 luisset
793 1137 958 1227 allisum,
989 1163 1113 1236 neque
1144 1163 1295 1230 sensus,

286 1273 352 1350 aut
370 1281 461 1346 vox,
477 1281 559 1355 quae
575 1252 680 1326 nulla
694 1268 801 1326 erant
815 1307 826 1344 ,
842 1253 954 1328 nobis
972 1255 1011 1326 id
1027 1239 1203 1354 poterant
1219 1259 1295 1356 sig-

284 1375 453 1450 nificare.
492 1380 635 1448 Auctor
665 1374 780 1472 igitur
800 1371 877 1462 fui,
909 1389 952 1446 ut
977 1377 1131 1474 quando
1160 1394 1294 1452 caetera

282 1509 435 1596 peracta
456 1506 585 1581 erant,
603 1516 686 1589 quae
712 1492 760 1598 ad
784 1492 1064 1585 revellendum,
1088 1496 1294 1568 resorben-

283 1615 451 1711 dumque
466 1613 718 1710 pertinerent,
735 1610 860 1708 siquid
877 1608 973 1684 forte
986 1617 1175 1712 sanguinis
1192 1617 1293 1686 intra

282 1733 481 1807 calvariam
503 1727 664 1804 effusum
684 1744 798 1816 esset,
815 1730 993 1826 universo
1012 1734 1127 1831 capiti
1142 1757 1185 1804 ea
1202 1758 1294 1831 pro·

281 1853 385 1926 tinus
418 1847 691 1922 adhiberentur
720 1871 804 1944 quae
835 1847 1028 1921 moderate
1056 1851 1292 1924 attenuando

189 1968 194 1978 ’
283 1963 667 2062 corroborandoque,
692 1965 976 2064 absorptionem
1005 1966 1107 2038 illam
1137 1968 1293 2065 adjuva·

281 2101 379 2160 rent.
408 2085 479 2158 vel
499 2082 566 2155 ubi
584 2081 714 2155 fissum
743 2080 942 2156 manitesto
973 2085 1143 2156 cranium
1174 2104 1292 2174 esset,

278 2203 500 2278 Cornelium
536 2200 687 2272 Celsum
720 2198 783 2298 (r)
824 2199 1074 2274 exterioribus
1112 2203 1291 2278 remediis

280 2321 441 2396 multum
459 2317 646 2392 tribuisse.
666 2316 767 2409 Quid
785 2332 916 2414 postea
935 2317 1117 2409 Galenus,
1143 2320 1292 2418 plures·

281 2465 356 2540 que
376 2438 439 2511 alii
466 2437 558 2508 olim
588 2436 780 2523 fecissent,
803 2460 849 2507 ex
875 2439 1026 2536 Magato
1056 2435 1115 2538 (a)
1130 2439 1291 2539 intelligi

281 2581 411 2658 posse,
427 2555 494 2654 qui
517 2555 597 2652 ipse
625 2575 780 2649 quoque
804 2553 893 2624 inde
925 2556 1158 2628 curationem
1183 2559 1290 2630 ince-

281 2676 409 2776 pisset.
438 2671 540 2764 Quid
564 2675 713 2768 Magato
738 2672 969 2744 recentiores
998 2675 1198 2764 sentirent,
1226 2701 1291 2748 me

281 2790 343 2864 vel
361 2816 407 2863 ex
422 2813 481 2877 ea,
498 2790 539 2860 in
554 2810 630 2884 qua
646 2787 778 2884 saepius
799 2811 991 2878 versarer,
1002 2815 1177 2864 meorum
1198 2819 1291 2866 ana·

281 2912 511 2984 tomicorum
527 2905 688 2978 lectione
701 2902 895 2996 didicisse,
906 2922 943 2979 et
959 2910 1181 2982 nominatim
1197 2916 1290 2984 Bar·

282 3027 420 3102 tholini
440 3022 519 3124 (3),
538 3020 704 3122 Wepleri
720 3023 794 3120 (l),
821 3023 1000 3123 Ruyschii
1015 3023 1081 3124 (5).
1105 3031 1183 3100 Nos
1199 3033 1289 3130 qui-

275 3147 369 3232 dem
381 3147 422 3216 in
434 3142 541 3216 Italia
559 3164 663 3230 esse,
693 3141 848 3240 regione
858 3142 979 3214 multo
1002 3167 1115 3242 quam
1131 3145 1287 3220 illorum

321 3477 367 3556 (ι)
387 3477 432 3533 De
443 3473 551 3531 medic.
567 3475 588 3529 1.
601 3473 637 3545 8,
654 3493 680 3530 e.
696 3479 724 3541 l.
810 3548 816 3556 ι

318 3577 363 3654 (a)
383 3577 418 3632 L.
432 3593 464 3645 a,
480 3591 572 3648 supra
587 3573 626 3630 ad
639 3591 670 3628 n.
692 3571 820 3646 12,cit.,
834 3593 859 3631 c.
873 3573 929 3651 38,
945 3581 979 3643 [μ
994 3587 1024 3634 et
1036 3582 1092 3654 l9t

319 3672 364 3758 (3)
385 3677 469 3732 Ceut.
484 3691 517 3744 a,
531 3669 602 3728 bist.
617 3682 698 3727 anat.
716 3677 764 3737 41.

320 3773 363 3847 (lt
384 3777 488 3833 Exere.
510 3773 547 3830 de
569 3772 639 3828 loco
653 3769 705 3826 aff.
726 3770 760 3827 in
773 3773 875 3850 upopl.
896 3783 927 3833 et
944 3774 978 3833 in
998 3787 1109 3838 tuctur·
1126 3775 1221 3838 schol.
1245 3785 1286 3840 ad

281 3855 351 3937 biit.
365 3876 395 3934 6.

321 3974 366 4056 (tt
387 3974 460 4036 Oba.
475 3982 553 4030 anat.
567 3968 641 4030 ebir.
653 3971 702 4030 60.
