2828 4652
1026 367 1093 442 153

86 538 205 586 eausa
231 516 381 599 omitto,
402 525 445 582 ut
455 515 585 608 potius
604 535 653 580 ex
668 514 744 581 viri
759 515 909 597 summi,
931 523 1095 580 vestrum

85 638 283 735 utrumque
289 634 552 728 praeceptoris,
573 633 733 724 meique,
745 626 834 698 dum
843 629 1100 718 vivereufaus

16 745 21 755 ’
86 755 182 821 toris
205 763 243 820 et
255 753 387 834 amici,
407 751 559 843 ingenui
576 746 803 818 Boerbaavii
818 749 1097 844 sapientissimis

87 867 330 963 dogmatibus
345 890 422 935 rem
434 851 644 961 benficium.

140 985 340 1056 Statuebat
357 981 403 1052 ill
442 981 497 1080 (ι)
510 1036 519 1070 ,
530 997 572 1053 ut
576 980 768 1080 prceclare
775 987 903 1067 uasti,
923 983 1097 1082 omnium

86 1102 277 1200 optimum
294 1103 393 1172 inter
413 1125 478 1171 eos
497 1101 564 1197 qui
581 1099 876 1172 observa'verunt
896 1124 937 1171 ea
955 1125 1038 1196 quae
1056 1101 1097 1172 in

87 1221 167 1291 vita
195 1221 439 1318 contingunt,
472 1215 586 1290 fuisse
613 1219 904 1316 Hippocratem
937 1217 1004 1288 sed
1031 1219 1099 1315 qui

88 1338 401 1411 examinaverunt
416 1336 596 1410 cadavera
624 1352 911 1434 postmortem,
934 1335 1005 1408 hos
1028 1361 1100 1442 op·
1150 1409 1155 1418 ,

87 1457 182 1530 time
202 1455 249 1528 de
265 1470 344 1530 arte
357 1457 547 1530 meruisse.
574 1455 676 1550 Quid
694 1457 777 1525 ita?
797 1460 986 1527 Nimirum
1006 1461 1097 1552 quia

86 1576 239 1648 morbos
261 1599 397 1645 sanare
420 1599 470 1646 ex
497 1589 681 1646 artenao
706 1598 932 1672 possumus,
962 1578 1035 1644 m'si
1058 1588 1096 1643 et

86 1695 259 1788 morbos,
277 1707 315 1764 et
333 1699 672 1793 causasprouimas
700 1689 992 1791 dignoscamus,
1009 1715 1097 1788 quur
1132 1771 1136 1780 ‚

86 1835 165 1882 uon
181 1813 334 1884 morbos
352 1811 473 1883 solum
502 1812 691 1908 efficiant,
713 1810 781 1902 sed
804 1826 841 1882 et
862 1836 925 1899 eas
950 1833 1036 1907 quie
1059 1815 1098 1879 in

88 1931 228 2002 borum
249 1930 402 2027 singulis
424 1934 553 2019 insint,
571 1929 816 2022 diffluentias.
854 1933 950 2022 Quce
970 1935 1098 1998 omnia

91 2047 185 2119 dum
203 2046 267 2119 ille
279 2047 447 2146 explicat
465 2053 502 2117 in
515 2053 558 2118 iis
566 2053 763 2146 praecipue
782 2046 1098 2120 Academicorum

90 2165 380 2238 Prcelectiouum
394 2167 571 2265 partibus
587 2189 674 2263 quie
686 2163 742 2234 ad
756 2162 1040 2264 pathologiom‚
1063 2175 1100 2232 et

89 2283 146 2355 ud
157 2283 733 2382 symptomatologiamspectant
744 2309 754 2372 ;
767 2288 848 2380 quis
858 2296 912 2353 est
922 2287 1000 2380 qui,
1019 2305 1098 2352 non

88 2401 175 2473 dico
203 2398 273 2470 illa
293 2405 422 2498 omnia
441 2377 657 2498 dignoscere
672 2425 711 2471 se
731 2425 843 2499 posse
862 2414 1003 2500 speret,
1032 2397 1100 2470 scd

90 2517 270 2590 accedere
286 2515 480 2616 duntaxat
496 2517 551 2588 ad
566 2533 622 2589 tot
643 2512 895 2615 aigaosceuda
920 2531 1014 2614 quot
1030 2517 1096 2588 bo-

90 2642 184 2707 mini
195 2640 417 2734 permissum
433 2651 503 2725 est,
522 2643 596 2710 nisi
607 2662 684 2736 per
706 2639 964 2708 morbosorum
981 2634 1097 2706 cada·

89 2778 214 2824 rerum
258 2758 472 2825 innumeras
510 2751 792 2853 propemodum
834 2753 1097 2824 dissectioues?

89 2876 194 2943 Nam
207 2875 372 2968 primum
389 2870 496 2968 quod
516 2871 571 2942 ad
590 2874 741 2945 morbos
761 2878 910 2958 attinet,
944 2869 1098 2942 incredi-

90 2986 201 3058 bilem
215 3003 251 3056 et
268 3005 525 3084 augescentem
550 2995 588 3060 iu
613 2988 692 3080 dies
707 3011 838 3060 eorum
854 2993 1099 3080 enumeratio·¹

90 3131 173 3176 nem
192 3104 258 3176 vel
274 3113 384 3177 um'us
405 3108 505 3178 oculi
519 3104 720 3178 ostendunt
738 3108 878 3195 morbi,
902 3131 994 3204 quos
1014 3131 1098 3177 cum

95 3223 281 3311 Galerius,
294 3240 335 3296 ut
347 3241 401 3296 est
413 3225 522 3324 apud
536 3227 820 3298 eruditissimum
830 3225 1025 3297 Trillerum
1044 3221 1099 3318 (2)

81 3343 169 3436 jam
188 3339 278 3412 olim
294 3345 400 3414 CXII
410 3343 572 3415 diversos
585 3346 830 3432 observasset,
841 3342 1097 3416 Boerbaavius

90 3465 266 3530 nominat
287 3465 355 3559 qui
377 3464 464 3532 CCC
479 3469 726 3532 numeraverit
740 3468 931 3560 superiore
944 3460 1062 3533 scecul
1087 3517 1095 3532 .

92 3579 156 3647 Ex
175 3578 308 3674 quibus
322 3592 365 3646 ut
381 3602 444 3648 cos
469 3595 614 3649 tamum
630 3580 868 3652 attendamus
886 3585 953 3677 qui
971 3603 1020 3649 ex
1038 3578 1103 3648 di-.

133 3857 176 3934 (ἢ
198 3863 292 3918 Meth.
308 3865 387 3920 stud.
398 3851 506 3921 ¹medic.
518 3876 593 3940 part.
611 3873 656 3933 14.
672 3895 674 3899 ·

132 3957 176 4040 (α)
197 3964 324 4022 Prooem.
336 3966 378 4060 'ad
387 3965 513 4074 Pissert.
530 3965 566 4024 de
580 3965 657 4024 same
672 3965 784 4023 lethali.

1207 437 1221 464 rr
