2816 5282
324 435 390 490 mr.
405 443 453 488 rr.
470 438 850 488 orn-onsrsenmono.
862 470 871 505 ,
885 432 953 488 etc.
972 443 1089 490 nrrsra
1100 445 1178 491 nm.
1207 420 1224 492 5

211 586 236 634 ·,
267 557 484 630 troeedeus.
513 553 682 643 sedhic,
702 569 745 624 ut
774 554 972 645 robustus,
995 572 1032 630 et
1055 560 1220 655 juvenis,

263 679 347 750 alio
363 677 479 748 modo
512 689 662 746 curatus
687 697 730 744 ac
760 697 874 745 senex
900 675 982 765 ille,
1017 669 1184 751 servatus
1215 707 1224 751 ι

266 801 371 868 Pene
409 796 608 865 omiseram
635 789 829 862 historiam
862 777 1149 885 mirabiliorem,
1175 815 1212 870 et

255 897 315 1010 ‘ea'
335 939 417 1010 quae
435 936 548 1010 supra
565 910 611 981 de
631 908 757 979 cordis
775 910 997 983 vulneribus
1014 915 1152 1012 scripta
1172 942 1224 989 sur

265 1031 389 1104 ferme
418 1031 649 1102 attinentem.
678 1026 878 1099 Christiani
894 1031 1021 1104 Vateri
1039 1032 1113 1130 (ι),
1132 1031 1186 1107 est
1212 1061 1224 1132 r

264 1149 437 1238 feminae,
457 1175 477 1219 a
502 1144 785 1244 praeterlabente
809 1171 925 1218 curru
958 1149 997 1220 in
1025 1167 1180 1248 pectore
1198 1181 1224 1252 g]

262 1271 366 1339 viter
382 1289 717 1366 percussae‚eoque
726 1265 810 1362 ipso
827 1265 888 1336 die
904 1269 1093 1359 extinctae,
1112 1296 1224 1344 cumr

264 1385 533 1486 prehendisset
560 1395 681 1454 costas
703 1383 914 1480 superiores
938 1398 1224 1485 propesternui

258 1533 344 1580 una
363 1533 448 1578 eum
478 1502 679 1589 clavicula,
707 1525 727 1571 a
749 1482 907 1574 sinistris
938 1501 1096 1596 fractaS,
1117 1511 1224 1580 etsin

260 1652 339 1698 nus
357 1639 463 1698 erant
484 1619 692 1694 introrsum
708 1605 826 1705 flexae,
850 1622 1046 1720 multoque
1069 1627 1224 1726 minusl

259 1721 471 1814 ricardium
487 1741 677 1824 laeserant,
692 1751 818 1807 tamen
838 1739 936 1808 intra
955 1739 1046 1829 hoc,
1066 1743 1224 1843 integrm

260 1876 304 1931 et
316 1859 496 1964 sanguiue
509 1853 629 1925 effuso
640 1851 867 1942 distentum,
880 1855 1006 1926 cordis
1019 1863 1224 1932 ventriculo·

257 1977 411 2048 invenit
430 1974 626 2045 dexterum
643 1993 722 2040 non
742 1971 874 2068 procul
905 1997 925 2043 a
955 1999 1140 2048 mucrone
1174 1980 1224 2050 ult

260 2091 534 2190 longitudinem
554 2094 685 2186 unguis
702 2103 864 2186 ruptum.
895 2093 1018 2182 Quam
1044 2094 1224 2168 observati

258 2219 354 2284 nem
383 2235 526 2282 cumea
545 2209 773 2304 conjungeS‚
793 2231 875 2303 quae
899 2235 943 2281 ex
970 2215 1074 2310 regio
1093 2214 1222 2284 chirur

258 2329 427 2400 Boirello
445 2328 485 2397 iu
505 2323 792 2423 Sepulchretum
815 2323 871 2421 (a)
894 2341 948 2399 est
972 2329 1108 2418 relata,
1133 2357 1221 2402 nem

258 2447 334 2516 viri
348 2445 455 2548 tertia
470 2459 534 2514 aut
549 2455 681 2539 quarta
692 2439 787 2511 hora
799 2445 938 2514 mortui
949 2460 1149 2544 postquam
1166 2449 1224 2546 gla

257 2563 463 2664 plumbea,
492 2587 513 2632 e
542 2559 711 2658 solopeto-
738 2561 892 2650 emissa,
924 2579 1057 2658 pectus
1087 2565 1224 2637 subieri

258 2707 346 2781 quae
360 2683 428 2753 etsi
446 2681 538 2759 citra
554 2675 806 2776 pericardium
819 2678 1050 2758 substiterat.
1067 2697 1194 2754 tamen
1216 2687 1224 2753 i

257 2817 317 2872 tra
337 2800 428 2887 hoo,
455 2820 610 2896 prorsus
630 2795 808 2882 illaesum,
834 2799 1017 2894 sanguine
1049 2815 1178 2872 autem
1201 2827 1224 2871 o

257 2919 423 3017 pletum,
444 2913 568 2986 cordis
588 2910 728 2981 vulnus
753 2929 945 3008 repertum
972 2931 1026 2986 est
1059 2919 1200 3012 pariter

258 3033 462 3108 ventriculi
482 3031 624 3102 dexteri
639 3043 745 3124 parte
764 3025 952 3100 inferiore.
969 3031 1125 3121 'Quibus
1145 3035 1184 3102 in
1204 3034 1224 3102 h

258 3155 368 3224 toriis
378 3148 525 3224 duabus
554 3147 680 3215 minus
716 3157 751 3214 te
779 3165 858 3214 esse
884 3148 1107 3217 miraturum
1134 3149 1224 3220 cred

259 3263 368 3369 quod
382 3269 521 3339 vulnus
536 3289 604 3335 seu
615 3261 743 3359 ruptio
765 3261 845 3354 ejus
859 3245 1059 3334 ventriculi
1070 3280 1148 3335 tam
1157 3268 1224 3336 cita

184 3479 185 3482 Ἴ
261 3401 425 3458 mortem
449 3382 636 3473 attulerit,
662 3379 693 3450 si
711 3379 1046 3470 animadverterim
1076 3407 1120 3454 ex
1153 3384 1224 3454 illae

260 3498 473 3602 perieardio
509 3481 665 3592 minime
684 3496 945 3592 sanguinem,
979 3514 1021 3572 ut
1049 3501 1088 3570 in
1103 3519 1224 3595 ,xoaeter

263 3623 388 3694 cordis
416 3614 656 3701 vulneribuS,
676 3614 781 3690 *exire
810 3616 997 3712 potuisse,
1025 3617 1179 3715 illicque
1202 3623 1224 3716 ig

303 3906 347 3981 (1)
369 3907 440 3960 Dec.
455 3905 472 3959 3
491 3901 539 3958 cit.
553 3897 579 3956 A
592 3918 611 3973 9
626 3910 654 3952 et
670 3916 720 3967 10,
734 3899 798 3953 obs.
815 3905 880 3966 ποί..

302 4004 347 4083 (a)
367 4007 402 4060 In
414 4001 522 4060 additis
534 4000 573 4056 ad
584 4009 654 4056 sect.
667 3998 744 4064 hanc
759 3998 793 4068 3,
807 3997 871 4054 ohs.
888 4015 916 4057 1,
