2854 4660
194 535 197 544 ,
303 455 372 552 372
466 475 512 521 or
538 471 685 520 ssomcs
710 473 755 518 ar
781 471 906 520 caus1s
931 471 1143 521 arcanorum

268 581 271 588 ’
301 617 407 690 gare,
427 588 532 686 quod
546 590 627 684 ejus
650 612 734 676 non.
746 585 980 684 intelligatur
992 611 1115 660 causa.
1137 590 1315 686 Denique

301 708 394 780 illud
422 709 580 803 iusuper
606 702 814 802 ‘plerosque
840 703 1062 776 morabatur
1083 706 1191 802 quod
1225 731 1316 804 prae-

300 827 390 898 clari
414 824 625 895 Anatomici
645 837 681 893 et
700 823 901 919 Chirurgi,
928 849 973 894 ex
990 823 1128 922 quibus
1143 826 1234 896 satis
1264 839 1316 896 est

298 945 486 1014 nominari
506 940 690 1012 iacobum
709 941 978 1038 Berengarium
1001 941 1077 1036 (1),
1096 941 1315 1038 Gabrielem

298 1062 534 1159 Falloppium
569 1058 658 1155 (a),
699 1063 885 1128 Joannem
922 1061 1126 1157 Baptistam
1179 1064 1316 1131 Carea-

296 1197 388 1251 num
414 1177 489 1275 (3),
521 1175 750 1248 Isbrandum
786 1175 1166 1248 Diemerbroeckiu'm
1187 1176 1254 1274 (lp)
1277 1179 1314 1248 in

294 1313 352 1369 tot
363 1295 469 1368 fracti
488 1295 605 1367 cranii
620 1293 896 1381 curationibus,
909 1309 946 1365 et
958 1309 1045 1392 post
1060 1311 1227 1368 mortem
1242 1298 1314 1367 ins-

295 1413 535 1516 pectionibus
562 1412 685 1510 (quod
716 1414 943 1483 nominatim
961 1397 1206 1484 ‹le-Carcano
1235 1415 1315 1486 dic-

294 1549 378 1608 tum
397 1531 505 1616 volo,
526 1531 675 1602 tametsi
704 1529 846 1600 nullam
865 1553 911 1610 ex
931 1531 1012 1626 ejus
1036 1529 1316 1604 observationi-

293 1652 368 1724 bus
379 1652 417 1720 in
436 1648 685 1746 Sepulchreto
709 1648 865 1718 relatam
888 1647 1016 1742 video)
1044 1673 1248 1746 nunquam
1269 1651 1313 1720 -io

296 1769 469 1866 opposita
490 1767 581 1837 ictui
609 1776 715 1863 parte
732 1764 861 1838 fissum
884 1787 927 1836 os
954 1765 1313 1862 deprehendissent:

294 1885 367 1957 Sed
384 1885 473 1956 hinc
488 1885 678 1956 raritatem
690 1883 844 1980 quidem
857 1881 1134 1955 contrafissurae
1150 1909 1311 1983 arguere
1418 1977 1419 1982 ἵ

294 2003 448 2092 licebat3
466 2003 496 2074 si
517 2001 633 2073 modo
654 2000 701 2072 ab
720 2001 802 2072 aliis
823 2023 954 2098 reapse
974 2001 1192 2099 aliquando·
1210 2027 1310 2075 com·
1418 1989 1419 1996 ἵ

294 2137 439 2220 pertam
464 2145 543 2192 esse
563 2133 774 2204 constaret,
787 2143 927 2216 negare
940 2143 1020 2190 non
1034 2119 1184 2192 licebat.
1203 2127 1312 2194 Com·

292 2253 407 2336 portae
424 2263 515 2310 vero
534 2237 661 2334 plures
682 2251 828 2308 exstant
846 2251 928 2307 tum
942 2262 1022 2308 non
1036 2252 1212 2311 recentes
1230 2255 1308 2310 tum

293 2360 403 2430 etiam
428 2371 598 2428 recentes
609 2354 890 2427 observationes
908 2383 915 2424 :
934 2379 1096 2453 quarum
1110 2377 1203 2426 cum
1222 2359 1307 2430 alias

213 2526 217 2535 f
291 2474 373 2545 istic
399 2472 538 2544 habeas
569 2473 608 2542 in
635 2471 881 2570 Sepulebreto
908 2471 980 2544 sub
1008 2497 1112 2544 uum.
1154 2499 1240 2546 non
1269 2491 1307 2548 ut

291 2613 491 2687 perperam
511 2589 566 2674 ab
584 2591 708 2688 operis
733 2591 916 2689 scriptum
935 2605 991 2662 est
1005 2594 1050 2677 V,
1077 2588 1143 2662 sed
1162 2595 1216 2662 XI
1236 2593 1305 2690 (5),

171 2769 174 2774 .
291 2709 380 2778 alias
409 2723 533 2779 autem
559 2709 598 2778 in
625 2708 787 2781 Stosobii
815 2710 1085 2781 Dissertatione
1113 2709 1163 2780 de
1194 2705 1305 2784 Reso-

291 2831 373 2896 m'tu
392 2826 469 2923 (6),
489 2850 569 2897 non
592 2826 655 2899 bie
676 2825 909 2898 memorabo.
931 2833 1011 2900 Hoc
1027 2843 1156 2898 tamen
1176 2829 1303 2902 admo-
1416 2813 1417 2880 l

198 3019 201 3024 ,
290 2944 392 3016 nebo
406 3000 415 3033 ,
431 2944 538 3042 ,quod
548 2945 685 3018 Paulus
700 2945 754 3041 (7)
766 2943 857 3015 olim
876 2944 1072 3033 indicavit,
1088 2947 1215 3043 capite
1225 2973 1300 3020 non

287 3064 420 3134 unuin
442 3077 548 3161 parte
568 3086 771 3160 percusso,
800 3059 907 3134 velut
919 3067 957 3132 in
971 3059 1141 3134 cadendo
1157 3073 1301 3136 contin·

328 3438 371 3520 (1)
393 3443 484 3498 Tract
506 3440 547 3496 cit
562 3459 587 3498 c.
607 3460 619 3495 1
638 3451 667 3496 et
683 3457 711 3496 a.

327 3535 369 3617 (a)
390 3540 435 3594 De
445 3539 529 3594 vuln.
544 3557 570 3594 c.
586 3555 638 3610 ra,
651 3549 682 3595 et
693 3557 794 3616 expos.
808 3540 904 3617 ingal.
918 3541 955 3597 de
969 3559 1027 3600 oss.
1040 3559 1068 3598 c·
1085 3541 1131 3598 13.

325 3635 367 3718 (3)
389 3639 434 3694 De
448 3639 530 3694 tuln.
551 3637 641 3714 capit.
656 3657 744 3698 serm.
758 3658 791 3712 a,
806 3642 876 3698 lect.
890 3639 921 3696 6.

339 3730 713 3815 ωΑΜὼφαᾼ’
896 3753 899 3760 “

325 3835 367 3918 (5)
426 3857 460 3908 ²2
475 3836 511 3910 5,
529 3857 562 3909 72
581 3838 662 3913 8,9·

325 3937 368 4019 (⁶)

391 3843 407 3908 S

390 3941 423 3997 o.
447 3946 475 4006 a.

323 4037 368 4115 (7)
388 4039 432 4096 De
445 4051 478 4096 re
492 4036 571 4094 med.
587 4037 608 4094 l.
621 4035 656 4120 6,
670 4054 696 4092 c.
712 4053 761 4112 9⁰·
963 4044 966 4054 .
