2828 4652
1034 435 1099 535 157

87 561 248 636 modum
266 566 305 633 in
323 562 535 661 imperialis
550 563 771 638 Academia
791 573 894 640 istius
918 573 1104 646 Commen-

93 686 206 752 tariis
222 679 276 776 (1)
289 685 352 752 vir
369 680 530 752 ostendit
543 682 738 764 recondita
749 684 958 758 eruditione
969 691 1107 786 prendi·

92 811 156 894 tus
173 803 230 868 Jo.
242 803 357 870 Henr.
379 797 582 870 Schulzius.
594 800 719 892 'Quod
732 807 767 884 si
777 802 843 874 vel
852 817 1105 902 posteaquam
1137 859 1141 868 .

88 919 316 1017 nosocomio
340 939 417 1010 esse
436 932 642 1015 coeperunt,
669 921 819 990 morbos
836 944 914 990 non
935 927 973 992 in
990 946 1106 1018 ugron

88 1031 261 1102 cantibus
274 1031 417 1122 solum,
433 1033 502 1122 sed
517 1048 554 1103 et
572 1039 610 1104 in
629 1035 776 1118 denaris
776 1051 869 1134 post
887 1063 1106 1133 quamcum-¹

92 1173 170 1245 que
184 1155 487 1244 agrotationem,
506 1157 726 1224 examinare
739 1151 900 1226 licuisset
903 1183 918 1242 ;
930 1161 958 1225 ii
967 1180 1040 1254 per
1057 1165 1107 1232 in·.
1157 1154 1164 1168 ”

90 1289 181 1338 secu
187 1279 228 1338 ta
239 1265 365 1339 decem
373 1269 579 1364 admodum
594 1269 734 1360 sucula
745 1271 901 1356 mediore
903 1272 1106 1364 facultatis

85 1408 313 1483 progressus
335 1388 523 1476 fuissent,
557 1412 651 1485 quos
691 1390 872 1484 conjicere
890 1391 1014 1482 facile
1051 1407 1108 1464 est

94 1525 147 1572 en
173 1503 231 1572 his
263 1527 359 1602 quos
370 1506 469 1596 fecit
480 1519 689 1603 postquam
716 1506 868 1578 tandem
903 1522 1104 1607 utrumque

94 1617 197 1690 illud
214 1626 389 1720 permitti
422 1627 534 1720 cupit
558 1627 658 1693 circa
681 1629 826 1696 initium
849 1624 979 1697 saeculi
999 1631 1102 1698 XVI.

97 1741 183 1831 Quo
206 1745 326 1836 magis
345 1755 559 1813 nostrarum
574 1745 747 1837 partium
768 1757 840 1831 est,
872 1767 1001 1815 eorum
1028 1769 1107 1816 om-

97 1861 205 1927 nium
221 1862 289 1954 qui
301 1883 379 1928 rem
394 1857 578 1928 medicam
596 1858 653 1929 his
680 1860 908 1957 temporibus
919 1864 1108 1958 profiten-

97 1988 177 2064 tur,
187 1977 386 2072 jacturam
405 1991 463 2046 tot
476 1976 622 2048 socculis
636 1978 789 2068 factam
807 1975 1004 2074 diligenter
1024 2004 1107 2050 sar-

98 2097 188 2163 cire.
200 2095 371 2165 Omnium
381 2109 507 2164 autern
522 2093 609 2164 dixi
611 2147 622 2180 ‚
630 2083 931 2191 proptireaquia
939 2100 977 2164 in
989 2111 1107 2185 tanto,

97 2227 143 2281 ut
159 2210 339 2300 diximus,
367 2236 521 2282 numero
549 2210 859 2309 inquirendarum
888 2235 1106 2302 causarum,

97 2343 348 2428 notarumque
362 2355 436 2430 per
449 2355 544 2429 quas
562 2352 695 2400 causas
707 2334 1019 2417 internoscemus,
1038 2337 1111 2419 nisi

98 2454 289 2538 unanimi,
307 2463 421 2545 atque
432 2447 585 2520 assiduo
602 2447 751 2532 labore,
771 2463 809 2518 et
824 2446 948 2518 studio
964 2463 1108 2520 conten·

99 2564 256 2654 damus,
287 2565 492 2638 verendum
509 2580 583 2646 est,
607 2589 656 2636 ne
676 2570 858 2663 posteris,
887 2590 1108 2664 quanquam

101 2689 192 2782 ipsis
220 2708 370 2783 quoque
387 2683 545 2756 multum
563 2683 720 2754 restabit
741 2707 900 2780 semper,
921 2699 964 2752 ut
983 2689 1021 2754 in
1043 2690 1110 2756 im·

101 2825 229 2872 menso
237 2799 518 2901 propemodum
535 2825 664 2900 opere,
682 2799 788 2898 quod
806 2799 1013 2896 adjiciant,
1042 2827 1110 2874 nos

103 2934 231 2990 tamen
244 2917 441 3016 aliquanto
452 2924 574 3006 minus
584 2942 700 3014 quom
707 2942 917 3015 possemus,
931 2917 1112 2992 alienasse

101 3059 235 3107 eorum
253 3035 468 3134 inquirendi
484 3060 578 3106 onus
602 3035 811 3108 videamur.
843 3035 919 3107 Sed
935 3037 1030 3132 quid
1041 3063 1110 3132 ego

102 3154 187 3225 lzaec
197 3159 287 3224 meis
294 3159 426 3252 primis
438 3153 493 3224 ad
510 3169 545 3224 te
564 3153 694 3226 litteris
710 3169 789 3226 tarn
808 3153 920 3250 longo
943 3179 1113 3226 sermone

104 3288 228 3343 tecum
250 3294 340 3370 ago,
375 3278 486 3369 quasi
507 3270 589 3344 lzaec
612 3278 745 3342 omnia·
768 3287 837 3342 aut
861 3295 937 3342 non
962 3271 1113 3362 melius,

105 3414 223 3488 quam
236 3395 328 3488 ipse,
347 3413 493 3476 nosses,
511 3405 581 3459 aut
592 3414 669 3459 non
677 3413 785 3486 ecque
798 3389 957 3460 libenter
966 3413 1013 3460 ac
1028 3413 1113 3486 ego,

94 3508 279 3599 faceres?
301 3512 490 3617 iyimc'um,
507 3512 542 3578 si
560 3512 714 3578 nimium
732 3512 770 3576 in
785 3506 864 3578 ullo
881 3532 959 3578 esse
963 3523 1096 3605 potest
1102 3561 1113 3596 ,

107 3632 146 3698 in
162 3651 222 3696 me
239 3627 338 3714 ueri,
355 3624 565 3724 etpublicoe
577 3625 751 3696 utilitatis
766 3624 932 3696 studium
953 3625 1116 3698 abduxit
1219 3691 1224 3702 ,
1324 3665 1333 3682 v

106 3843 379 3863 m

149 3979 194 4062 (1)
217 3983 309 4047 Tom,
320 3981 376 4054 13,
392 3981 477 4041 class.
490 3980 595 4040 histor.
