2946 4662
176 449 245 498 nir.
261 449 310 498 rr.
328 451 374 498 nr
386 439 810 512 uonn1scu1nunc.,etc.
829 445 940 496 rrrsr.
953 447 1033 497 nur.
1061 421 1133 521 509

130 561 321 636 decimum
337 578 481 636 sextum
499 544 600 634 diem
616 585 714 660 aeger
732 563 910 649 moritur,
928 577 1133 660 apparente

129 694 210 751 toto
224 705 385 779 corpore
402 681 569 752 icterico.
679 670 682 687 Ι
726 677 729 682 ’

175 800 317 870 Ventre
343 789 496 896 aperto,
520 796 696 868 intestina
726 796 1014 893 conspiciuntur
1047 821 1132 870 aere

127 913 297 1011 turgida:
317 915 426 1011 jecur
450 938 541 985 vero
567 910 777 984 secundum
803 928 975 984 naturam
1006 937 1046 986 se
1065 913 1134 984 ha-

127 1029 234 1118 bens.

176 1146 344 1219 Thorace
371 1149 561 1246 inspecto,
580 1147 621 1217 in
646 1147 724 1219 imo
748 1162 910 1245 utroque
934 1148 1017 1244 ejus
1041 1173 1133 1220 cavo

128 1264 307 1338 nonnihil
329 1265 402 1336 seri
430 1265 632 1336 invenitur.
658 1268 753 1336 Cum
777 1279 903 1336 autem
934 1265 1065 1364 pulmo
1090 1268 1135 1338 si·

125 1383 244 1454 nister
257 1383 304 1455 ad
316 1381 487 1481 pleuram
505 1380 626 1453 valide
641 1380 864 1469 adhaereret,
881 1381 1131 1455 membraneae

126 1498 398 1598 productiones
425 1525 494 1598 per
518 1523 718 1598 quoscum
737 1497 851 1597 hujus
870 1524 1045 1598 suprema
1064 1526 1134 1572 an·

127 1617 267 1688 teriora
298 1633 403 1716 parte
439 1617 678 1704 nectebatur,
704 1617 813 1714 quasi
842 1619 944 1690 sanie
975 1618 1133 1691 madidae

126 1735 212 1806 risae
239 1749 348 1806 sunt:
370 1735 536 1831 itemque
566 1734 767 1833 peculiaris
792 1733 955 1807 adbaesio
971 1736 1034 1808 illa
1054 1740 1132 1809 visa

128 1867 201 1938 est,
219 1875 295 1948 qua
320 1851 422 1924 idem
447 1849 578 1948 pulmo
602 1875 688 1922 cum
709 1851 841 1948 pleura
855 1850 908 1924 ibi
927 1855 1134 1928 committe-

124 1966 254 2055 batur,
274 1968 342 2040 ubi
364 1967 515 2038 vulneri
528 1965 807 2064 respondebat,
825 1982 868 2040 ut
900 1969 980 2040 sine
993 1969 1132 2042 lacera-

125 2087 229 2156 tione
248 2085 414 2182 separari
434 2108 512 2154 non
532 2099 669 2181 posset.
701 2082 850 2156 Vulnus
875 2109 965 2156 vero
994 2088 1063 2158 etsi
1081 2089 1132 2157 in·

124 2217 184 2274 ter
200 2203 315 2301 spinae
328 2200 541 2298 adjacentes
556 2200 748 2272 musculos
765 2200 812 2272 ad
826 2201 997 2299 pleuram
1012 2205 1132 2301 ipsam

123 2317 392 2419 perveniebat,
413 2317 513 2390 hanc
540 2333 664 2390 tamen
684 2319 891 2416 perforasse
917 2345 995 2392 non
1028 2346 1134 2396 cons·

123 2439 207 2512 titit.
227 2441 402 2512 Ceterum
416 2437 618 2537 pulmones
637 2435 766 2508 multis
782 2438 821 2507 in
841 2435 934 2509 locis
950 2438 1131 2514 tubercu-

122 2557 170 2630 lis
187 2555 382 2632 scatebant
393 2553 618 2654 majoribus,
637 2553 945 2652 minoribusque:
962 2580 1129 2654 quorum

122 2675 252 2774 plura,
268 2677 345 2774 jam
363 2690 591 2773 suppurata,
606 2673 747 2746 saniem
762 2675 878 2746 incisa
888 2675 1129 2764 emittebant,

123 2791 194 2862 alia
214 2791 334 2862 illaesae
357 2791 541 2890 glandula
563 2790 846 2864 similitudinem
862 2790 987 2864 adbuc
1010 2818 1130 2884 serva-

122 2909 227 2982 bant.
252 2911 299 2978 In
320 2908 533 3006 pericardio
561 2908 757 3006 paululum
788 2909 871 2980 seri.
900 2914 944 2980 In
975 2912 1129 3008 singulis

120 3025 247 3098 cordis
273 3024 492 3098 ventriculis
517 3024 669 3122 singulto
693 3025 883 3123 polyposae
915 3013 1128 3098 concretio-

119 3168 210 3231 nes,
229 3141 318 3216 inde
344 3144 385 3212 in
407 3139 592 3214 auriculas
624 3164 866 3238 annexasque
897 3166 1012 3214 renas
1036 3168 1128 3242 pro-

120 3257 259 3349 ductae3
276 3263 398 3358 major
414 3261 454 3330 in
470 3258 642 3346 dextero,
657 3257 784 3328 minor
802 3259 841 3328 in
859 3259 1021 3334 sinistro.

175 3405 230 3478 17.
250 3380 318 3452 Hic
329 3378 480 3476 juvenis
503 3399 678 3474 quoque,
698 3376 770 3446 nisi
794 3375 977 3448 accedens
993 3377 1040 3452 ad
1058 3405 1125 3452 cae·

116 3514 217 3572 teras
233 3521 366 3586 noxas,
398 3498 548 3566 interna
573 3491 728 3564 fortasse
755 3492 879 3590 aliqua
908 3497 1122 3586 convulsio,

118 3617 181 3690 cui
196 3616 293 3688 circa
311 3611 549 3688 stomachum
565 3609 698 3698 dolor,
719 3610 986 3687 intestinorum
1005 3613 1053 3686 ab
1069 3641 1125 3688 re-

114 3748 224 3806 tento
239 3756 324 3806 acre
345 3731 544 3817 distentio,
570 3743 607 3801 et
623 3729 799 3800 ictericus
815 3729 931 3800 totius
951 3733 1123 3830 corporis

115 3851 224 3924 color
234 3850 488 3948 imputentur,
510 3848 681 3918 citiorem
704 3845 888 3918 attulisset
907 3849 1121 3941 interitum,

112 3965 221 4042 facile
229 3967 409 4066 disruptis
426 3965 653 4064 pulmonum
663 3961 871 4036 tuberculis
881 3965 1121 4064 sanguinem,
