2812 4656
286 427 358 528 276
408 483 415 492 .
450 451 498 498 nr
522 447 670 499 srnrrus
690 447 739 496 rr
764 445 890 498 canus
914 445 1126 498 momorum

284 565 467 664 dejectam
484 563 664 653 multam,
682 585 795 660 quam
810 563 891 660 ipse
910 561 1073 652 viderat,
1091 564 1199 637 lactis
1217 589 1294 636 om·

281 685 377 756 nino
396 681 576 770 similem3
594 696 637 754 ut
653 679 748 768 mihi
771 682 810 752 in
828 695 995 752 mentem
1006 739 1009 746 .
1022 683 1169 754 veniret
1189 681 1294 754 illius

283 798 450 888 feminac,
467 801 530 870 cui
544 796 764 900 praetumida
775 796 1120 895 postablactionem
1130 823 1296 871 mamma

281 919 469 992 detumuit
486 917 632 1001 statim,
650 939 693 988 ac
705 939 776 1012 pro
799 914 912 988 saliva
925 915 1180 1016 lac‘prosilire
1196 917 1237 988 in
1255 941 1295 990 os

280 1037 397 1135 coepit
412 1060 421 1106 t
443 1059 556 1133 quam
571 1049 614 1106 tu
626 1031 953 1122 observationem,
977 1033 1293 1140 explicationem·

279 1179 355 1254 que
373 1153 472 1250 ejus,
492 1151 539 1224 ad
565 1150 664 1222 hanc
684 1148 871 1222 Albertini
904 1151 1293 1242 accommodandam,

279 1271 381 1370 leges
389 1272 430 1340 in
442 1267 579 1342 Nuckii
590 1267 848 1367 Sialographia
864 1267 931 1366 (1).
946 1272 1032 1360 Quo
1040 1283 1168 1342 autem
1176 1269 1293 1342 modo

279 1388 320 1460 in
351 1387 560 1486 epidemica
589 1385 755 1484 quadam
784 1387 1049 1458 Parisieneium
1082 1411 1292 1486 puerpera-

279 1529 367 1577 rum
392 1504 680 1591 constitutione,
711 1501 759 1576 de
785 1505 862 1601 q'ua
883 1503 1040 1602 =scripsit
1057 1504 1182 1602 prael.
1217 1505 1303 1576 Ma?

279 1623 446 1700 louinius
462 1621 542 1718 (a),
567 1645 653 1694 cum
669 1623 798 1709 tertia,
816 1637 880 1694 aut
908 1637 1042 1720 quarta
1059 1647 1080 1692 a
1102 1638 1219 1720 partu
1236 1623 1292 1694 die

278 1764 449 1819 mammae
456 1765 535 1810 non
550 1739 685 1828 modo,
703 1754 746 1810 ut
759 1739 899 1826 solent,
913 1727 996 1810 non
1013 1754 1291 1828 tumescerent,

280 1858 347 1932 sed
367 1856 651 1944 flaccescerent,
674 1871 760 1956 post
776 1871 940 1930 mortem
961 1881 1044 1954 quae
1062 1858 1164 1930 inter
1179 1859 1290 1956 quin-

164 1976 165 1980 ’
278 1991 354 2050 tam
380 1991 417 2048 et
446 1977 646 2074 septimam
672 1974 774 2048 diem
802 1973 1014 2064 accidebat,
1039 1975 1097 2047 lac
1118 1975 1289 2074 coagula·

277 2109 358 2172 tum
375 2093 552 2166 exteriori
566 2091 763 2164 adhaerens
775 2093 1043 2166 intestinorum
1055 2091 1286 2192 superficiei,

277 2210 515 2311 deprehendi
561 2211 749 2310 potuerit;
788 2211 938 2306 tametsi
971 2209 1035 2282 illa
1070 2208 1288 2284 viderentur
1379 2263 1380 2330 t

276 2327 390 2405 fuisse
408 2327 659 2417 inflammata,
677 2327 922 2412 etdoloribus
932 2329 1117 2418 cruciata,
1129 2329 1285 2402 morbus
1377 2345 1379 2430 t

275 2463 436 2521 autema
455 2442 720 2534 diarrhoea,et
741 2445 813 2519 hac
847 2461 1113 2544 permanente,
1136 2447 1284 2520 initium

276 2566 458 2653 duxisset,
487 2590 566 2636 non
601 2562 748 2638 facilem
786 2563 902 2636 habet
938 2564 1187 2663 explicatum,
1219 2565 1284 2636 nisi
1375 2577 1376 2580 ’

275 2684 372 2760 forte
383 2712 429 2758 ex
445 2688 566 2760 lacteo
586 2686 653 2758 illo
669 2710 756 2760 sero
778 2686 884 2784 quod
901 2687 1145 2785 insanguine
1162 2686 1282 2760 verisi-

165 2799 168 2804 ’
273 2803 414 2878 militer
424 2803 647 2878 ,redundans
661 2827 748 2876 cum
768 2804 858 2878 alibi
878 2807 918 2874 in
940 2803 1280 2901 quibusdam,tum
1372 2811 1373 2888 t

273 2923 314 3002 in
330 2921 508 2994 omnibus
524 2937 617 2995 tunc
632 2921 801 2994 dissectis
817 2923 857 2992 in
877 2922 1020 2994 ventris
1042 2946 1133 2994 cavo
1153 2925 1280 2994 inven-

272 3053 357 3113 tum
376 3055 451 3130 est,
471 3041 689 3128 crassiores,
705 3038 1002 3136 viscidioresque
1014 3055 1141 3138 partes
1159 3039 1280 3114 subse·

272 3156 425 3246 derant,
439 3173 476 3229 et
491 3157 669 3253 subjectis
688 3156 875 3228 intestinis
892 3143 1138 3230 adheserant.

323 3273 381 3373 39.
410 3279 592 3346 Tumores
623 3287 749 3346 autem
781 3298 1052 3364 mammarum,
1078 3277 1147 3373 qui
1179 3275 1277 3348 lactis

272 3407 445 3489 tempore
471 3417 552 3462 non
582 3393 760 3463 oriuntur
781 3390 1041 3490 (quanquam
1076 3407 1114 3464 et
1150 3416 1274 3464 eorum

274 3508 444 3606 exempla
470 3505 616 3606 profert
643 3507 826 3580 Hildanus
852 3508 930 3608 (3),
956 3525 994 3582 et
1023 3507 1171 3608 aliquos
1199 3509 1273 3608 ipse

328 3827 340 3863 1
377 3807 411 3865 C.
431 3825 458 3863 a.
924 3840 926 3843 ·

312 3804 357 3986 {a}
377 3889 469 3963 Memss
483 3907 521 3963 de
533 3906 646 3964 l’Aeed.
658 3925 727 3988 roy.
741 3908 793 3968 des
808 3877 856 3969 s'e.
867 3947 878 3982 ,
891 3925 940 3966 an.
957 3907 1044 3982 1746.

310 4006 356 4086 (3)
377 4009 462 4066 Ceut.
477 4023 509 4080 a,
528 4007 594 4066 obs.
609 4005 658 4079 78.
