2816 5282
287 427 357 524 596
451 452 498 498 nn
525 445 670 498 snnrnns
696 449 739 496 rr
763 443 889 496 causis
915 447 1123 494 nonronnn

284 563 425 650 soluta,
458 585 652 658 nunqnam
683 559 847 630 reddidit
879 558 1099 656 quidquam.
1131 561 1263 656 Sanguis

282 694 405 752 autem
419 681 486 750 etsi
502 694 559 750 ter
576 675 694 748 fuerat
709 675 920 763 detractus,
937 700 1063 774 neque
1081 677 1120 746 in
1136 676 1262 770 hisque

281 813 366 894 post
396 797 593 894 clysteres,
614 810 677 864 aut
710 819 797 864 cum
818 793 890 864 illis
910 819 992 890 quae
1019 820 1087 892 per
1106 796 1263 864 vomitum

280 914 448 1001 exibant,
468 927 692 1011 apparuerat
713 937 904 1008 unquam3
934 912 1135 984 novissime
1159 925 1262 980 tamen

279 1047 365 1102 ante
378 1046 539 1102 mortem
558 1055 602 1100 ex
620 1054 703 1118 ore,
721 1044 758 1100 at
774 1029 885 1102 simul
903 1055 923 1098 e
941 1027 1113 1117 naribus,
1135 1027 1261 1126 prodiit.

279 1147 492 1220 Abdomine
505 1147 681 1232 dissecto,
695 1146 766 1218 snb
784 1147 992 1235 intestinis,
1012 1129 1103 1218 aere¹
1111 1145 1262 1242 turgidis,

279 1289 358 1334 non
379 1264 549 1338 multum,
573 1263 765 1361 sanguinis
790 1260 897 1334 effusi
928 1279 1171 1361 conspectum
1207 1277 1264 1346 est,

277 1381 393 1479 idque
411 1381 457 1452 ad
475 1381 617 1452 ventris
637 1377 825 1452 inferiora.
848 1371 997 1452 Vulnus
1020 1396 1144 1452 autem
1170 1380 1262 1450 colon

275 1501 495 1570 intestinum
514 1513 678 1594 quatuor
697 1499 846 1570 circiter
871 1496 968 1568 infra
1000 1499 1139 1570 lienem
1160 1497 1263 1594 digitis

275 1615 460 1688 inciderat
468 1613 621 1712 quidem
631 1669 640 1700 ,
652 1615 717 1686 sed
731 1614 929 1713 superficie
940 1631 1061 1687 tenus.
1085 1614 1176 1685 Inde
1191 1637 1263 1683 vero

274 1731 465 1804 nulloalio
485 1731 570 1803 laeso
588 1732 787 1820 intestino,
804 1732 851 1803 ad
869 1733 1137 1804 mesenterium
1157 1755 1263 1830 perve-

273 1865 391 1924 nerat.
408 1848 519 1939 Quod
532 1864 733 1946 propterea
743 1874 822 1922 non
837 1849 952 1922 modo
964 1850 1149 1937 saucium,
1167 1847 1261 1921 sedet

272 1965 460 2037 tumidum
481 1968 676 2037 inventum
688 1982 753 2037 est.
1150 1946 1153 1952 Ι
1354 1951 1355 1964 ’

322 2083 480 2174 362E15i
501 2099 634 2180 praeter
662 2082 948 2170 mesenterium,
982 2081 1094 2156 facies
1125 2106 1258 2181 quoqne

271 2200 433 2270 exterior
443 2200 611 2271 intestini
630 2199 692 2273 hic
708 2217 786 2272 erat
797 2202 939 2290 saucia;
952 2198 1057 2272 facile
1081 2216 1201 2273 tamen
1215 2200 1257 2266 in-

269 2315 430 2414 telliges
452 2316 550 2389 hanc
568 2319 725 2415 propius
746 2314 908 2390 abfuisse
926 2318 974 2390 ab
992 2319 1173 2416 Ruyschii
1198 2315 1254 2386 ob·

270 2434 566 2520 servationibus;
584 2435 656 2506 nisi
682 2434 786 2532 quod
804 2435 919 2532 paulo
936 2436 1079 2508 diutius
1094 2435 1167 2508 vita
1185 2425 1256 2533 pro·

268 2549 380 2621 ducta
400 2567 474 2637 est,
496 2550 561 2620 nbi
579 2576 664 2622 cum
686 2552 989 2650 Boerhaaviop)
1008 2553 1258 2624 animadverte·

266 2668 339 2754 ris,
363 2673 618 2736 intestinorum
640 2693 788 2766 qnoque
806 2673 1038 2768 superficiem
1053 2677 1256 2742 exteriorem

265 2789 498 2856 verissimum
523 2791 779 2866 mesenten'nm
816 2811 901 2858 esse.
917 2855 920 2862 ,
937 2793 1122 2862 Caeterum
1150 2809 1254 2859 cuma

267 2902 431 2973 sauciato
462 2904 688 2991 mesenterio
708 2928 810 2976 mors
837 2907 988 2996 accidit,
1010 2919 1137 3004 neque
1162 2903 1257 2998 hujus

266 3044 413 3118 causam
433 3020 471 3088 in
490 3020 696 3114 majuscula
714 3025 897 3119 quaepiam
913 3024 1014 3096 illius
1034 3026 1152 3096 incisa
1168 3045 1254 3105 vasa,
1352 3037 1353 3062 ³

264 3139 365 3245 utin
390 3137 469 3208 cive
496 3136 690 3233 oppidano
719 3163 835 3234 quem
868 3140 1036 3214 Bohnius
1056 3141 1112 3237 (2)
1136 3139 1253 3216 secuit,
1352 3147 1353 3165 ¹

264 3251 435 3324 conferre
454 3255 561 3340 licet3
589 3256 628 3324 in
649 3271 900 3353 compunctos
921 3259 999 3353 ejus
1021 3284 1157 3330 nervos
1181 3275 1251 3325 cum

261 3369 451 3468 Ruyschio
470 3369 642 3442 conferre
665 3375 828 3473 poteris,
847 3375 1077 3472 majusculos
1098 3393 1211 3448 tamen
1223 3383 1250 3440 et

261 3486 386 3582 ipsos:
409 3486 438 3558 si
461 3490 561 3556 enim
584 3489 829 3560 minimorum
851 3516 1006 3589 quoque
1024 3486 1250 3589 compunctio
1351 3515 1352 3595 p

262 3601 408 3674 lethalis
422 3619 539 3693 esset,
560 3605 681 3693 nulla,
699 3609 856 3706 opinor,
884 3624 1043 3682 exstaret
1057 3609 1161 3697 felix,
1177 3607 1248 3678 bre-

192 3795 194 3800 .
265 3778 1246 3809 ενι-ΜΨ...-

299 3884 341 3965 (1)
362 3891 492 3947 Praelect.
509 3891 547 3946 ad
559 3891 657 3947 Instit.
673 3897 688 3962 ς
702 3893 770 3949 816.

298 3985 341 4063 (a)
362 3991 406 4043 Dc
419 4001 541 4045 renunc.
556 3992 639 4047 vuln.
653 4009 675 4048 s.
693 4009 726 4063 a,
743 4011 769 4050 c.
785 4001 812 4061 4.
