2784 5088
184 461 187 467 .
256 396 327 490 471
415 413 465 460 nr
488 411 634 460 sanraus
659 411 703 460 11
728 409 852 460 causis
877 411 1088 460 nonaoanu

255 525 562 603 indurationibus
575 523 677 596 aliud
687 523 891 610 addamus,
910 524 1023 621 quale
1041 549 1115 598 nos
1129 527 1272 596 inmu-

254 646 347 718 liere
373 643 599 730 ossiculum,
635 640 841 738 crystallini
864 642 950 712 loco
975 637 1271 730 offenderimus,

258 759 462 858 alias(1)ad
482 774 517 831 te
534 760 714 856 scriptum
731 759 958 830 memineris.
971 762 1271 856 Caeterasquaein

256 879 413 953 historia
435 878 635 950 novissime
657 877 853 974 proposita
882 875 929 946 ad
962 876 1081 947 ictum
1106 879 1271 948 attinent

257 997 409 1096 capitis,
424 1012 510 1094 post
526 1019 568 1068 ea
590 1017 673 1090 quae
694 993 772 1082 his,
797 1008 834 1065 et
854 992 1118 1091 superioribus
1135 994 1273 1066 litteris

257 1138 353 1212 saepe
379 1114 569 1211 attigimus
592 1133 868 1208 supervacuum
884 1133 964 1182 esse
981 1110 1102 1198 vides,
1121 1111 1188 1182 hic
1208 1114 1273 1183 ite-

257 1255 344 1304 rum
366 1229 559 1329 explicare.
583 1227 782 1326 Sanguinis
810 1243 934 1302 autern
952 1252 1021 1326 per
1047 1253 1185 1300 aurem
1200 1231 1273 1300 exi-
1391 1290 1392 1319 a

257 1364 353 1440 tum,
365 1373 440 1448 qua
449 1349 508 1420 via
518 1362 555 1418 et
567 1348 711 1418 ratione
719 1347 759 1418 in
767 1344 930 1418 viroboc
946 1347 1122 1444 contigit,
1139 1347 1271 1418 eadem

261 1469 301 1538 in
318 1467 399 1537 aliis
415 1489 570 1562 quoque
591 1462 1096 1561 contigisse‚quosvidelicet
1111 1466 1274 1563 epistola

238 1567 340 1654 'haec
361 1580 438 1678 (a),
467 1596 503 1652 ct
532 1580 688 1678 epistola
710 1581 799 1654 item
830 1583 917 1652 Xlll
939 1579 993 1676 (3)
1023 1597 1273 1678 proponunt,
1390 1601 1391 1624 1

163 1775 170 1786 ,
260 1701 493 1786 satis‚etiam
513 1724 573 1770 me
589 1712 757 1782 tacente,
778 1712 895 1795 perte
909 1698 1142 1770 memineris.
1391 1680 1392 1715 ³

308 1817 364 1906 32.
385 1801 796 1913 Bajulusannosuatus
812 1815 977 1886 necdum
997 1815 1274 1915 quadraginta,

259 1937 408 2034 egregio
423 1934 593 2031 corporis
605 1931 736 2007 habitu
746 1914 760 2021 ‚¹
773 1931 1000 2030 ebriusucum
1022 1949 1145 2022 esset,
1174 1937 1274 2006 inter

259 2052 513 2124 incedendum
526 2049 680 2138 cecidit,
703 2047 945 2146 frontemque
964 2052 1127 2148 graviter
1142 2052 1273 2140 allisit,

261 2170 363 2242 unde
381 2194 516 2267 magna
535 2168 587 2240 ibi
605 2168 802 2265 sugillatio.
836 2172 881 2239 Et
907 2184 999 2239 tunc
1018 2167 1176 2265 quidem
1203 2195 1274 2241 vo-

262 2290 367 2378 muit.
411 2287 483 2358 Sed
516 2285 663 2356 nullum
698 2301 827 2384 postea
861 2301 1071 2384 symptoma
1097 2290 1274 2385 apparuit

260 2421 396 2505 praeter
412 2428 554 2483 unum,
584 2403 699 2502 idque
724 2404 1009 2502 gravissimum,
1027 2419 1070 2475 ut
1081 2405 1274 2504 ‘torpidus

256 2524 416 2620 jaceret,
436 2520 530 2592 nibil
553 2545 722 2607 sumens,
744 2521 840 2594 nihil
864 2522 1026 2618 loquens
1051 2524 1146 2610 ,nisi
1167 2524 1272 2620 quod

261 2639 330 2711 ubi
345 2639 511 2735 chirurgi
527 2637 670 2736 aliquid
681 2654 836 2736 agerent
854 2638 959 2737 quod
977 2639 1273 2714 doloremaffeu

264 2771 339 2844 ret,
364 2771 453 2826 tuuc
477 2735 722 2826 vehementer
742 2755 992 2852 querebatur,
1012 2782 1272 2858 magnumque

265 2872 400 2946 edebat
419 2872 631 2944 clamorem.
651 2874 709 2945 Sic
725 2873 849 2947 illatus
859 2875 902 2946 111
913 2877 1199 2966 nosocomium,
1220 2881 1274 2949 in·

265 3007 322 3064 tra
339 3006 512 3089 quartum
541 3013 669 3062 acasu
692 2989 792 3062 diem
818 3007 874 3064 est
892 3007 1079 3079 mortuus,
1107 3018 1197 3066 cum
1221 2996 1271 3066 ihi

265 3133 334 3207 ego
351 3109 561 3180 anatomica
575 3106 750 3178 studiosis
762 3107 1002 3182 ostenderem
1012 3163 1023 3198 ‚
1034 3109 1271 3184 sub.initinm

264 3224 475 3298 decembris
508 3224 599 3295 anni
637 3229 738 3320 1741.
766 3226 912 3299 Frontis
948 3249 990 3298 us
1023 3252 1098 3325 qua
1122 3229 1269 3300 allisum

264 3339 406 3426 fuerat,
425 3341 502 3410 vidi
525 3341 620 3410 rima
638 3338 736 3412 bene
756 3340 868 3439 longa
887 3344 1070 3428 exterius,
1092 3345 1271 3418 interius-

266 3481 340 3554 que
357 3454 559 3544 diffissum,
590 3458 651 3528 cui
679 3458 781 3530 rimae
814 3461 963 3558 sanguis
981 3461 1081 3532 intra
1099 3465 1269 3535 cranium

301 3756 345 3834 (1)
366 3757 460 3832 Epist.
483 3758 532 3827 13,
549 3775 579 3811 n.
600 3775 645 3813 10.

301 3853 345 3931 (a)
366 3858 403 3912 N.
426 3854 474 3912 25.
631 3881 635 3888 -

299 3951 400 4031 (3)1t.
423 3955 470 4012 16.
