2946 4662
354 439 427 541 430
515 459 561 517 nt
586 457 733 516 enatans
757 455 801 514 tr
826 463 950 515 cunels
975 452 1184 514 atomorum

356 579 594 678 deprehendi.
615 585 751 652 hrum
769 575 1034 654 difficultatum
1053 577 1254 674 plerasque
1274 589 1364 648 oum

358 722 473 796 supra
502 698 591 770 satis
620 697 930 784 memoraverim,
960 695 1008 768 de
1039 694 1102 767 ilia
1130 717 1207 768 una
1237 695 1368 792 potius

358 815 501 913 aliquid
521 814 655 896 addam
678 839 761 911 quae
787 837 832 884 err
855 813 1057 884 novissime
1085 811 1270 910 producta
1293 811 1367 884 obs

358 922 569 1008 tertiatione
594 929 875 1017 deducebatur,
903 929 1081 1002 nimirum
1100 927 1148 1001 de
1162 953 1205 1000 ea
1219 953 1304 1025 quae
1320 930 1366 999 in

358 1065 530 1146 tempore
548 1046 786 1135 definiendo,
805 1045 1028 1120 adhibendae
1047 1045 1204 1120 terebro
1219 1071 1367 1145 oppor÷

358 1182 452 1240 tuno
464 1221 474 1251 ,
487 1183 649 1263 persepe
664 1166 855 1252 occurrit,
870 1161 1100 1236 difficultate.
1120 1165 1242 1254 Quam
1260 1165 1369 1260 juvat

358 1283 477 1358 altero
493 1279 719 1356 confirmare
734 1281 928 1378 exemplo,
948 1281 1018 1354 hae
1038 1283 1241 1354 incivitate
1261 1307 1282 1354 a
1302 1307 1365 1353 me

358 1403 450 1472 viso.
462 1401 617 1474 Juvenia
634 1414 714 1472 erat
739 1399 897 1484 mulier,
924 1397 1026 1472 haud
1040 1395 1172 1472 infimo
1188 1399 1273 1470 loeo
1294 1424 1365 1470 na*

357 1533 416 1610 ta,
434 1517 600 1616 gracilis,
634 1541 715 1590 non
738 1515 909 1605 robusta,
931 1539 1020 1588 sana
1048 1532 1193 1613 tamen,
1212 1533 1255 1590 ut
1279 1539 1366 1614 qnae

358 1635 454 1710 nihil
476 1636 547 1710 nisi
575 1635 840 1707 convulsionee
867 1637 1098 1733 gravissimas
1124 1634 1298 1732 quidem,
1324 1650 1367 1713 at

358 1753 492 1840 semei,
520 1754 629 1826 annis
665 1751 925 1850 superioribus
957 1767 1037 1824 toto
1072 1777 1233 1850 oorpore
1256 1777 1368 1850 passa

358 1869 489 1946 fuerat.
511 1875 607 1944 Cum
622 1868 719 1944 bene
733 1870 849 1967 igitur
866 1870 1026 1957 valeret,
1048 1871 1269 1968 sederetque
1289 1871 1369 1942 δυ,

348 1985 508 2062 'miliare
529 1988 642 2076 sella,
678 1985 774 2059 forte
797 1988 933 2061 accidit
948 2003 990 2060 ut
1010 1990 1212 2086 improriaa
1233 2012 1294 2076 ee,
1324 2002 1367 2068 at

360 2109 518 2205 strepitu
534 2107 723 2204 perclusa,
753 2123 886 2204 eaput,
904 2120 946 2176 nt
965 2105 1029 2194 iit,
1053 2122 1260 2184 retrorsum
1275 2129 1347 2204 age

360 2239 439 2312 ret,
455 2241 492 2298 et
508 2223 556 2297 ad
575 2247 829 2297 marmoreum
841 2221 1046 2314 mutulum,
1060 2225 1126 2320 qui
1135 2247 1236 2322 pone
1246 2225 1370 2321 ipsam

361 2368 382 2414 e
417 2344 558 2440 pariete
586 2341 845 2438 prominebat,
879 2342 1037 2415 alterum
1070 2343 1240 2440 oooipitis
1270 2340 1377 2424 latus

358 2459 605 2534 vehementer
627 2457 809 2531 allideret.
841 2461 931 2530 Dies
948 2474 1027 2530 erat
1044 2461 1170 2530 martii
1200 2459 1370 2558 penulti..

359 2601 422 2651 ma
442 2577 532 2652 anni
555 2575 657 2674 1739.
686 2579 817 2674 Neque
841 2592 958 2662 tune,
991 2601 1118 2674 neque
1139 2578 1271 2675 primis
1291 2577 1369 2650 illie

240 2717 244 2724 ·
360 2693 494 2769 diebus
519 2693 753 2766 incommodi
774 2693 982 2791 quidquam
1008 2697 1133 2767 sensit.
1161 2694 1306 2767 Deinde
1324 2696 1368 2766 in

359 2811 446 2888 loco
463 2813 538 2884 icto
549 2812 691 2884 doloris
703 2811 862 2908 aliquid,
877 2812 938 2884 oui
953 2814 1179 2886 successitin
1193 2812 1366 2909 subjecto

358 2927 1208 3028 cervicislatere,nonnihiltumente,qnidam
1217 2955 1368 3009 musone

359 3045 486 3124 iorum
501 3046 570 3143 qui
587 3044 641 3124 ibi
656 3059 764 3134 sunt,
779 3049 886 3144 qnasi
896 3050 1021 3146 rigor,
1036 3073 1108 3120 nee
1125 3052 1205 3121 sine
1216 3037 1364 3120 dolore.

359 3166 473 3240 Levia
491 3179 616 3238 tamen
637 3163 733 3236 adeo
759 3163 837 3237 hare
860 3182 967 3238 erant
985 3170 1129 3260 omnia,
1164 3179 1205 3240 ut
1232 3168 1377 3264 mulier¹

358 3305 609 3382 quaecumque
628 3297 740 3354 antea
770 3301 1035 3372 consueverat,
1071 3285 1175 3356 domi
1198 3284 1368 3384 forisque
1462 3297 1463 3326 ¹

359 3413 565 3498 perageret.
585 3402 678 3493 Quis
689 3426 802 3477 ausus
818 3417 916 3473 esset
932 3405 1050 3473 cranii
1070 3401 1368 3501 perforationem

358 3517 671 3617 tuncimperarei
687 3533 769 3606 aut,
791 3520 821 3590 si
835 3515 930 3590 forte
945 3541 1059 3600 ausus
1074 3537 1186 3611 esset,
1207 3537 1369 3620 putasne

357 3649 513 3710 caeteros
540 3635 810 3732 permissuros,
839 3651 905 3708 aut
938 3636 1134 3719 delicatam
1170 3639 1369 3712 mutierem

357 3751 470 3832 irrisae
484 3753 706 3850 passuram?
733 3755 843 3826 Nunc
865 3754 1013 3853 reliqna
1028 3757 1168 3856 accipe.
1194 3762 1291 3830 Cum
1317 3753 1368 3830 ad

358 3883 557 3968 augustum
578 3894 698 3970 usque
715 3895 883 3953 mensem
911 3873 961 3944 ita
983 3877 1038 3948 nti
1057 3875 1153 3966 dixi,
1169 3901 1208 3948 se
1228 3877 1368 3957 mulier

358 3987 514 4084 egisset,
543 3987 685 4085 quippe
712 4013 795 4085 quae
823 4003 965 4106 propr!
983 3990 1022 4071 id
1047 3993 1154 4090 quod
1176 4017 1367 4072 memora·
