2816 5282
342 407 412 484 558
497 433 544 480 ns
569 431 717 480 snnrnus
742 433 787 479 cr
812 433 937 482 crusis
963 435 1182 488 nonnonom

335 548 474 646 picias‚
496 547 534 616 in
555 569 635 642 qno
655 569 788 618 manca
806 547 844 616 in
861 548 1061 621 nonnullis
1081 550 1220 624 eadem
1238 551 1342 628 histo·

299 676 304 685 “
334 669 389 738 ria
406 664 593 763 descripto
619 679 683 736 est.
713 668 896 735 Caeterum
932 666 992 735 vel
1015 689 1183 756 carneae,
1210 671 1342 744 nedum

333 783 538 869 tendincae‚
556 783 673 879 partis
682 781 839 854 vulnera
852 783 894 852 in
910 795 1018 881 septo
1028 798 1253 862 transverso
1273 791 1342 888 ple·

332 925 510 1000 rumque,
530 915 600 972 nec
611 902 711 970 intra
722 899 879 996 longum
894 915 1064 998 tempus,
1075 903 1237 978 lethalia
1254 925 1341 980 sunt.

332 1023 417 1091 Non
435 1035 561 1090 tamen
571 1019 1078 1115 -quotiescumquepcrillud
1093 1025 1342 1110 ventriculus,

330 1133 651 1238 quemadmodum
667 1137 707 1206 in
727 1137 902 1207 Sennerti
918 1137 1028 1208 etiarn
1039 1162 1146 1226 casu,
1161 1141 1205 1212 in
1220 1142 1339 1217 thora-

330 1281 411 1328 cem
428 1255 605 1352 trajectns
620 1267 697 1337 est,
718 1251 758 1323 id
778 1275 927 1351 semper
940 1255 1101 1352 contigit
1120 1280 1195 1354 per
1210 1259 1339 1334 viema

329 1375 518 1448 sauciante
535 1373 788 1444 instrumento
806 1385 986 1469 apertam.
1020 1376 1141 1462 Nam,
1169 1390 1214 1450 ut
1237 1403 1336 1450 ovem

327 1491 624 1591 praetermittam,
644 1491 685 1559 in
710 1513 786 1586 qua
812 1493 975 1586 Pcyerus
994 1489 1050 1588 (r)
1067 1515 1137 1588 per
1155 1507 1337 1570 transver-

327 1631 409 1682 snm
432 1609 592 1695 hiatum,
616 1607 745 1706 palmo
768 1608 973 1703 majorem,
1000 1610 1039 1680 in
1063 1633 1209 1685 carnea
1234 1637 1336 1713 supe·
1395 1693 1396 1722 ¹

326 1725 728 1824 riorediaphragmatis
740 1739 846 1822 parte
861 1723 925 1811 ,ah
941 1726 1098 1798 immani
1108 1726 1337 1802 distentione

324 1845 626 1918 ventriculorum
645 1841 834 1940 disrupta,
854 1841 992 1914 horum
1006 1843 1334 1922 alterumcventrc

325 1964 563 2063 compulsum
587 1965 685 2032 intra
701 1961 909 2036 thoracem
928 1961 1092 2050 invenit3
1126 1981 1234 2040 certe
1262 1968 1333 2040 loca

325 2099 414 2156 sunt
431 2086 471 2152 in
491 2077 790 2178 diaphragmlte‚
817 2101 985 2176 perque
1002 2078 1171 2154 diductis
1193 2089 1333 2160 carneis

324 2201 452 2288 libris;
480 2213 517 2270 et
539 2196 763 2270 cedentibus
797 2196 1051 2286 membranis,
1086 2202 1333 2288 ventriculus,

322 2335 386 2392 aut
405 2317 572 2390 intestini
601 2339 688 2414 pars
705 2315 849 2411 aliqua,
870 2329 934 2386 ant
950 2315 1107 2388 alterius
1140 2320 1333 2397 viscerise

320 2452 453 2510 ventre
470 2448 595 2534 potest
616 2435 655 2502 in
673 2432 868 2503 thoracem
893 2433 1064 2504 transire.
1085 2435 1145 2506 Sic
1174 2437 1331 2534 (praeter

320 2554 516 2653 oesophagi
531 2553 649 2639 viam,
666 2550 713 2622 de
732 2575 805 2646 qua
822 2565 909 2647 post
921 2549 1085 2642 dicetur)
1106 2575 1186 2648 qna
1199 2579 1333 2628 nervus
1394 2615 1395 2630 ,

319 2675 414 2746 alter
446 2669 697 2742 intercostalis
732 2665 960 2756 traducitur3
993 2667 1079 2740 illac
1105 2687 1199 2766 post
1224 2675 1333 2748 vehe·

316 2791 569 2866 montissimos
586 2787 854 2860 intestinorum
864 2785 1035 2876 dolores,
1051 2787 1127 2860 coli
1145 2789 1334 2889 aliquam,
1394 2837 1395 2840 =

316 2911 460 2984 omenti
497 2931 606 2992 vern,
647 2921 685 2977 et
720 2906 932 3004 pancreatis
961 2905 1147 3002 majorem
1176 2927 1330 3007 partem

226 3114 228 3122 y
314 3029 571 3104 transmissam
603 3023 735 3096 referri
771 3023 883 3096 video
908 3049 934 3095 a
957 3023 1134 3098 Platnero
1166 3027 1246 3124 (τι).
1276 3032 1330 3102 Sic

228 3128 235 3158 χ
314 3151 426 3222 etiam
466 3143 632 3218 anterius
668 3144 767 3216 inter
795 3139 912 3214 fibras
939 3167 960 3213 a
991 3141 1174 3241 xiphoide
1214 3148 1324 3218 carti-

313 3269 436 3366 lagine
467 3265 689 3350 venientes‚
730 3275 767 3333 et
801 3262 993 3359 proximas
1018 3261 1113 3334 solet
1145 3261 1327 3338 interval·

312 3386 392 3458 lum
418 3408 515 3472 esse,
534 3407 603 3480 per
621 3378 727 3478 quod
751 3377 1088 3480 similemquidpiam
1098 3403 1217 3482 posse
1239 3408 1325 3453 con·

310 3506 477 3604 tingere,
505 3503 583 3571 imo
604 3497 803 3595 contigisse
829 3499 868 3566 in
888 3497 1053 3595 agricola
1079 3499 1324 3596 suspicabar,

309 3626 348 3694 in
361 3646 439 3721 quo
458 3623 585 3690 Romae
601 3615 737 3688 vidisse
764 3618 986 3714 Leprottum
1015 3614 1239 3686 audiveram
1256 3639 1325 3716 per

348 3905 391 3985 (1)
412 3899 489 3978 Eph.
502 3905 540 3960 N.
553 3905 586 3960 C.
597 3903 664 3958 dec.
678 3920 710 3971 a,
724 3905 760 3956 A.
778 3907 811 3970 l,
825 3900 891 3956 obs.
907 3917 973 3968 100,

348 4004 391 4081 (a)
413 4003 497 4077 Disp.
511 4003 547 4058 de
558 4001 714 4076 hydrocel.
727 4011 789 4056 not.
803 4016 836 4070 φ,
851 3989 889 4058 all
900 4004 920 4071 ς
931 4017 961 4057 ι.
