2872 4660
210 474 276 524 un.
305 473 359 521 ιιι.
381 473 435 522 ,mi
461 471 600 522 nonus
616 469 783 539 mnis,
810 473 921 524 ensi.
943 475 1069 526 mni.
1148 455 1171 528 5

166 571 234 680 iio,
254 587 377 664 editos
395 613 523 661 omnes
535 589 725 661 abortivos
723 589 849 681 fuisse
868 603 991 662 tamen
1007 590 1171 687 esusdem

165 706 450 806 magnitudinis,
463 703 618 807 pollicis
639 705 841 777 articulum
852 707 942 798 fere
956 724 1170 806 aequante53

166 826 268 924 quis,
292 826 468 923 inquam,
492 823 566 894 hoc
583 827 718 894 mirum
735 822 882 912 credat,
903 825 975 896 nisi
992 823 1087 898 forte
1106 827 1174 924 qui

166 965 244 1016 non
269 943 474 1042 intelligat,
493 942 586 1013 alios
607 939 764 1038 quidem
786 940 860 1012 alio
874 955 1046 1041 tempore
1061 941 1174 1017 fuisse

167 1059 323 1156 ejectos,
357 1084 490 1132 omnes
519 1074 647 1130 tamen
676 1057 811 1130 eodem
837 1061 1032 1132 mortuos?
1063 1085 1174 1160 posse

168 1179 267 1252 enim
304 1193 497 1250 mortuum
534 1173 671 1268 foetum,
704 1177 765 1248 vel
796 1176 924 1275 plures
959 1202 1107 1252 menses
1135 1181 1175 1252 in

169 1311 276 1370 utero
296 1297 476 1384 retineri,
491 1296 605 1366 etiam
625 1295 705 1366 sine
719 1297 984 1393 corruptione,
1001 1313 1038 1369 et
1058 1295 1177 1372 fetore

167 1414 265 1502 ullo,
281 1413 521 1511 satispraeter
538 1413 644 1501 alias,
659 1413 698 1482 in
716 1414 924 1511 primisque
941 1414 1042 1512 apud
1057 1420 1177 1513 Ruys-

168 1531 334 1612 chium(
362 1532 393 1626 )‚
418 1555 460 1600 ea
478 1546 678 1615 monstrat,
698 1555 780 1628 quae
802 1533 986 1604 continuo
1004 1534 1176 1630 sequitur

168 1647 380 1720 observatio
395 1646 463 1746 (α)
492 1647 763 1720 observatione
785 1663 909 1720 autem
929 1653 963 1720 ΙΙ
987 1649 1062 1746 (3),
1090 1675 1177 1722 cum

167 1765 278 1840 foetus
290 1766 457 1864 quidam,
474 1767 583 1864 cujus
600 1767 740 1838 exitum
758 1768 901 1839 viarum
916 1783 1046 1839 tumor
1055 1767 1181 1866 prohi-

167 1884 319 1970 buerat‚
337 1909 555 1984 compresso
573 1881 620 1956 ab
638 1910 717 1956 uno
730 1885 847 1958 latere
862 1888 991 1958 cranio
1006 1902 1179 1986 repertus

168 2016 287 2088 esset3
307 2001 396 2073 inde
415 2003 489 2074 hoc.
508 2001 694 2076 infertur:
716 2029 766 2074 ex
783 2027 859 2102 quo
881 2002 982 2076 clare
995 2003 1181 2095 elucescit,

170 2144 247 2190 non
268 2120 389 2191 solum
408 2126 486 2193 vim
506 2121 753 2218 expultricem
774 2128 871 2192 uteri
877 2125 1012 2214 facere
1032 2121 1086 2192 ad
1093 2146 1183 2218 pro·

172 2236 562 2330 trudendumfoetum‚
577 2237 648 2309 sed¹
656 2253 694 2309 et
707 2242 826 2335 ipsum
840 2238 1022 2329 infantem
1035 2239 1182 2310 allabi»

169 2379 257 2426 rare
279 2354 407 2427 adsui
427 2381 448 2426 e
467 2380 614 2428 carcere
635 2354 891 2427 liberationem
913 2382 924 2425 .·
946 2355 1181 2454 probaturne

169 2472 240 2546 tibi
265 2473 344 2544 haec
364 2475 436 2563 rei,
464 2474 694 2571 caeteroquin
716 2497 784 2572 per
803 2497 841 2544 se
861 2499 940 2544 non
960 2470 1072 2562 falsae,
1095 2499 1183 2545 con·

172 2591 314 2664 secutio
338 2618 345 2662 :
366 2591 522 2689 quando
537 2607 658 2664 mater
674 2589 694 2662 5
708 2607 778 2662 aut
794 2591 818 2662 6
840 2589 969 2664 diebus
989 2590 1183 2665 doloribus

168 2723 306 2806 partus
323 2709 517 2780 laborasse
533 2708 690 2794 dicitur,
708 2703 831 2780 infans
853 2721 978 2778 autem
999 2723 1086 2806 post
1104 2709 1183 2807 pri·

173 2848 258 2896 mos
277 2824 431 2897 illorum
453 2825 629 2897 dolorum
656 2824 736 2898 dies
760 2823 908 2896 nullum
932 2826 1014 2897 vitae
1035 2828 1183 2925 signum

176 2940 353 3030 edidisse;
380 2958 423 3016 ut
441 2944 603 3014 'minime'
632 2956 796 3032 constet,
825 2967 871 3014 an
895 2943 1115 3040 utriusque,
1135 2967 1184 3016 an

176 3061 305 3133 matris
322 3062 437 3132 unius
456 3059 654 3132 conatibus
672 3084 715 3132 ea
734 3061 853 3132 cranii
873 3062 1103 3159 compressio
1122 3061 1185 3135 de·

176 3177 335 3250 beatur?
350 3181 494 3250 Verum
512 3177 591 3250 haec
611 3177 699 3251 satis
721 3178 806 3250 sint.
830 3181 901 3249 Per
923 3193 961 3250 te
978 3179 1078 3249 enim
1098 3203 1189 3276 qua·

177 3293 389 3368 tuordecim
408 3296 579 3394 exempla
597 3293 812 3395 perlegens,
829 3319 912 3394 quae
925 3293 1188 3370 observatione

176 3412 256 3484 lita
270 3409 541 3510 proferuntur,
562 3412 669 3512 quasi
689 3413 816 3484 omnia
834 3411 881 3483 ad
909 3410 1085 3484 abortum
1104 3414 1190 3485 atti·

179 3543 337 3616 nerent,
359 3528 561 3628 intelliges,
582 3553 671 3600 num
696 3527 884 3618 secundo,
908 3528 1013 3626 quod
1037 3531 1085 3602 ad
1102 3554 1189 3629 par·

220 3829 266 3908 (ι)
286 3825 377 3887 Thes.
390 3847 512 3930 mayn.
529 3827 748 3903 403158‚210.

220 3929 317 4008 (α.
