2854 4660
170 432 238 477 mn.
252 429 299 476 ιν.
319 429 369 476 na
382 429 518 476 nonnis
530 425 727 490 omnisne,
743 419 811 474 etc.
826 429 936 476 nrrsr.
952 431 997 476 m.
1026 407 1096 482 335

96 545 135 614 in
159 559 300 615 terram
318 541 482 629 cadens,
508 543 755 638 posteriorem
780 540 969 612 dexteram
990 519 1098 616 sinci-
1121 628 1123 633 ¹

97 662 185 761 pitis
197 675 340 758 partem
358 657 487 730 allidit.
503 663 634 730 Acasu
649 659 916 756 semistupidus
923 661 1020 756 jacet
1035 689 1045 750 ;
1063 681 1100 736 et

98 779 269 876 quamvis
294 776 408 874 paulo
439 790 525 874 post
553 789 705 872 stupore
736 775 927 865 discusse,
957 779 1030 850 suis
1060 804 1099 852 se

97 893 259 992 pedibus
278 895 318 964 in
338 893 600 964 nosocomium
621 890 816 980 conferat,
837 911 949 992 negat
971 911 1098 968 tamen

99 1034 139 1084 se
164 1011 372 1108 quidquam
404 1011 451 1082 de
482 1033 570 1082 casu
601 1010 714 1098 scire,
746 1011 909 1082 ullamve
934 1013 1015 1108 ejus
1045 1015 1101 1086 rei

99 1129 321 1200 memoriam
340 1127 489 1200 habere.
523 1127 633 1200 Nulla
651 1127 789 1200 vulnus
813 1129 945 1225 primis
967 1130 1100 1202 diebus

99 1261 349 1343 symptomata
364 1244 651 1316 comitabantur.
675 1245 747 1315 Sed
771 1247 831 1316 vix
854 1248 1015 1344 septimo
1039 1247 1101 1320 die

96 1378 289 1461 superato,
303 1388 499 1462 gangrena
514 1363 652 1435 vuinus
665 1365 883 1462 corripitur:
897 1389 1102 1464 gangraenae

97 1495 222 1554 autem
254 1479 367 1554 febris
405 1481 632 1578 adjungitur.
660 1485 832 1553 Attamen
868 1483 930 1554 illa
959 1509 1101 1582 pauco·

96 1623 183 1672 rum
202 1599 350 1674 dierum
364 1601 483 1696 spatio
498 1599 663 1687 sublata,
678 1599 757 1670 haec
773 1625 930 1698 quoque
943 1601 1098 1674 tollitur.
1117 1693 1119 1702 y

97 1719 185 1789 Post
203 1717 281 1790 haec
310 1743 407 1816 aeger
438 1717 484 1788 de
518 1732 693 1815 gravante
724 1720 935 1815 posteriora
970 1721 1101 1816 capitis

96 1833 232 1906 dolore
250 1835 445 1932 queritur,
467 1858 538 1906 nec
553 1850 679 1906 tamen
695 1835 920 1907 vehementi.
941 1841 987 1936 At
1002 1839 1102 1910 circa

96 1952 198 2024 diem
227 1952 415 2024 decimum
448 1953 651 2049 septimum
677 1952 812 2023 triduo
828 1954 1010 2050 quasdam
1033 1979 1102 2052 per
1212 2039 1215 2045 ¹

96 2084 201 2142 artus
209 2071 399 2142 tensiones
416 2071 539 2141 sentit.
550 2069 656 2140 Circa
676 2069 895 2166 vigesimum
913 2087 1037 2142 autem
1050 2071 1102 2144 fe-

96 2186 168 2258 bre
180 2187 383 2286 corripitur
392 2209 477 2258 curn
486 2187 654 2285 rigoreet
666 2188 820 2258 vomitu.
838 2191 929 2278 Quae
952 2191 1102 2261 sinevo·

96 2305 195 2376 mitu
204 2303 383 2404 deinceps
391 2304 505 2376 modo
514 2303 572 2376 bis
585 2304 719 2394 ‚modo
733 2304 965 2402 terquotidie
975 2315 1103 2380 rever-

92 2437 198 2509 tens,
222 2423 400 2494 omnibus
422 2425 559 2496 sensim
585 2421 851 2496 deficientibus
864 2423 1097 2514 actionibu5‚

95 2563 238 2637 aegrum
257 2538 419 2630 confecit
432 2542 531 2612 circa
542 2541 775 2638 trigesimum
789 2539 900 2612 diem.
911 2542 1101 2640 sincipitis

95 2681 143 2728 os
159 2657 353 2728 dexterum
363 2681 483 2756 prope
495 2657 699 2756 sagittaiem
712 2673 748 2747 et
765 2657 1021 2730 iambdoidem
1042 2683 1102 2732 su·

96 2788 240 2854 turam.
259 2776 482 2846 exteriorem
496 2775 672 2845 laminam
689 2777 962 2852 comminutam
987 2763 1104 2848 habe·

94 2890 186 2978 bat;
205 2892 308 2964 intus
337 2917 427 2963 vero
465 2905 544 2962 erat
573 2896 731 2964 omnino
765 2893 964 2989 integrum.
1001 2897 1104 2966 Inter

92 3023 294 3108 utramque
313 3010 547 3107 meningem,
572 3023 608 3082 et
638 3011 676 3079 in
703 3007 850 3080 cerebri
881 3010 1103 3082 ventriculis

96 3147 225 3200 serum
241 3130 381 3216 inerat3
401 3141 445 3198 at
474 3127 693 3197 universum
714 3126 844 3196 uncias
862 3123 979 3198 ferme
1010 3151 1104 3222 qua-

95 3260 187 3318 tuor
217 3269 365 3342 aequare
390 3259 527 3344 posset.
559 3244 768 3314 Cerebrum
798 3243 912 3314 molle
943 3259 1041 3328 erat,
1068 3259 1105 3316 et

94 3361 295 3437 flaccidum
313 3388 324 3450 ;
349 3377 385 3434 et
401 3362 546 3434 laxiori·-
559 3363 679 3459 spatio
696 3361 794 3431 intra
815 3361 986 3431 cranium
1002 3362 1103 3433 clau-

98 3479 270 3552 debatur.

153 3599 395 3688 10.Quatuor
418 3599 457 3668 in
478 3596 581 3668 hunc
603 3621 743 3696 aegrum
772 3597 976 3670 convenire
1002 3596 1104 3668 vide·

94 3712 237 3786 bantur
265 3739 397 3786 eorum
430 3739 512 3811 quae
537 3737 624 3785 cum
656 3729 770 3803 sunt,
793 3739 929 3812 magna
959 3713 1105 3786 cerebri

93 3831 199 3903 credi
219 3846 341 3928 potest
353 3830 464 3904 fuisse
484 3833 702 3904 concussio:
724 3855 831 3902 casus
847 3831 1008 3918 abatto,
1028 3846 1104 3902 stu-

96 3965 170 4045 por
190 3973 319 4020 casum
345 3951 528 4022 continuo
553 3974 737 4046 sequens,
757 3975 843 4022 cum
862 3949 983 4046 ipsius
1009 3947 1106 4019 obli·
