2854 4660
240 495 243 502 .
301 431 372 516 364
466 455 513 502 nn
538 452 684 500 snnrnus
710 453 754 500 rr
779 451 905 499 causis
929 451 1142 499 nonronuru

347 568 404 639 30.
425 566 628 638 Herbarius
641 565 795 666 quidam
809 567 850 636 in
868 561 992 636 fronte
1009 590 1131 664 prope
1146 589 1311 637 corona·

297 685 371 756 lem
393 699 560 769 suturam
577 683 754 754 nonnihil
772 681 818 752 ad
833 682 961 752 laevam
981 679 1080 753 ferro
1098 683 1312 787 percutitur

198 817 201 824 “
298 801 345 872 ad
359 799 672 872 contundendum
680 799 872 896 aliquanto
884 801 1021 898 magia,
1034 825 1150 897 quam
1157 801 1208 870 ad
1221 801 1313 872 inci-

298 918 466 991 dendum
490 917 641 990 idoneo
665 916 722 988 Ab
741 920 818 988 ictu
839 918 921 988 leve
948 918 1064 988 animi
1089 915 1313 990 defectionis

297 1037 444 1106 initium
467 1042 589 1107 sentit.
611 1039 704 1106 Cum
723 1060 761 1107 se
784 1036 823 1106 in
843 1036 1105 1106 nosocomium
1126 1037 1313 1108 contulis-

299 1170 354 1226 set
368 1155 482 1252 paulo
502 1169 588 1226 ante
603 1169 877 1241 memoratum,
903 1153 950 1224 ad
974 1153 1227 1236 undecimum
1252 1179 1312 1226 us·

205 1273 209 1282 ’
297 1297 372 1370 que
392 1271 491 1342 diem
510 1299 589 1342 non
612 1273 728 1342 modo
748 1273 897 1344 nullum
923 1270 1081 1343 infelicis
1095 1273 1229 1342 exitus
1255 1273 1312 1344 in-

298 1389 437 1459 dicium
461 1385 549 1475 fuit3
569 1389 632 1460 sed
651 1391 778 1460 omnia
796 1387 941 1460 felicem
959 1388 1196 1504 portendere¹
1209 1391 1313 1462 tide-

297 1506 448 1578 bantur.
485 1511 624 1577 Verum
651 1508 716 1577 illo
752 1509 835 1604 ipso
864 1507 924 1577 die
955 1506 1161 1578 vehemens
1197 1507 1313 1582 febris

298 1621 492 1694 hominem
513 1626 668 1722 corripit
700 1650 785 1696 cum
811 1626 958 1723 rigore,
988 1639 1025 1697 et
1061 1625 1188 1695 multae
1228 1624 1314 1698 bilis

298 1744 469 1830 vomitu,
488 1743 534 1812 ad
561 1767 755 1841 vesperam
780 1746 924 1816 iterato.
953 1747 1042 1834 Quae
1063 1743 1110 1814 ad
1130 1745 1311 1816 eumdem

298 1860 456 1958 modum
492 1861 661 1958 quotidie
699 1849 847 1934 reversa
885 1880 964 1951 est,
979 1937 983 1944 ,
1000 1863 1140 1933 donec·
1161 1863 1313 1936 decimo

202 2031 205 2037 -
301 1995 436 2078 quarto
456 1978 503 2050 ab
525 1981 602 2050 ictu
629 1979 758 2068 die‚et
788 1995 875 2052 ante
903 1981 1119 2078 proximum
1145 1981 1311 2078 plenilu-

300 2098 404 2168 nium
424 2113 581 2194 quarto,
602 2123 686 2167 aere
704 2098 749 2169 ad
772 2098 976 2170 austrinam
996 2093 1310 2169 constitutionem

299 2230 497 2312 vergente,
514 2216 675 2312 primum
695 2215 848 2312 quidem
869 2231 925 2287 est
944 2214 1060 2287 hebes
1079 2213 1228 2304 lactus,
1262 2217 1310 2287 sic

301 2347 427 2403 tamen
448 2347 489 2402 ut
505 2331 828 2430 interrogantibus
845 2349 1020 2432 prompte
1038 2332 1309 2430 responderet:

297 2473 435 2546 paucas
454 2465 579 2522 autem
597 2466 683 2547 post
703 2450 834 2540 horas,
859 2451 950 2522 dum
980 2476 1018 2523 se
1039 2475 1060 2521 a
1082 2451 1243 2522 dextero
1273 2451 1310 2520 in

299 2569 491 2638 sinistrum
517 2585 753 2640 converteret
780 2570 900 2657 latus,
929 2571 1105 2655 omnibus
1135 2584 1222 2639 tum
1252 2593 1311 2639 ex-

298 2686 431 2767 ternis,
448 2701 528 2756 tum
546 2687 704 2758 internis
725 2687 880 2760 orbatus
898 2688 1086 2777 sensibus,
1106 2702 1143 2758 et
1166 2685 1310 2758 difficili

297 2823 449 2913 pressps
464 2819 518 2874 est
534 2807 802 2912 respiratione:
823 2831 907 2904 quae
924 2806 1010 2876 licet
1024 2819 1154 2902 postea
1173 2805 1223 2875 ad
1243 2830 1309 2876 na-

298 2919 458 2990 turalem
483 2921 698 3012 accederet3
717 2937 843 2996 tamen
870 2925 1008 2994 iterum
1035 2921 1230 2994 laboriosa·
1254 2947 1309 2994 te-

301 3035 390 3107 diit:
409 3053 445 3108 et
461 3040 512 3110 sic
523 3038 645 3128 brevi,
659 3040 792 3112 eodem
806 3067 920 3138 quem
930 3021 1112 3128 diximusi
1128 3040 1190 3112 die
1206 3065 1308 3112 mors

299 3156 452 3251 ingruit.
479 3161 530 3228 Os
544 3155 677 3230 frontis
694 3184 739 3229 eo
757 3161 824 3256 qui
838 3157 1024 3230 indicatus
1036 3157 1189 3230 estloco
1199 3212 1210 3245 ,
1233 3173 1309 3230 erat

299 3273 972 3370 leviterdepressum,interiusautem
983 3276 1309 3372 demissasquama

302 3413 384 3486 quae
403 3391 578 3488 inaequali
594 3409 631 3464 et
650 3395 864 3466 acuminato
884 3397 1052 3491 margine
1075 3393 1122 3464 ad
1137 3393 1307 3464 dextram

301 3507 494 3604 vergebat,
506 3510 644 3586 ‚duram
663 3513 878 3608 meningem
895 3536 915 3582 a
932 3511 1073 3582 dextris
1091 3511 1254 3600 laeserat,
1271 3523 1310 3580 ut

302 3625 422 3722 ipsam
451 3628 550 3698 inter
574 3644 610 3698 et
629 3629 728 3726 piam
754 3639 1055 3727 pus'stagnaret‚
1077 3628 1216 3725 quoda
1233 3652 1310 3698 ver

301 3741 374 3812 tice
390 3745 496 3840 quasi
507 3744 554 3814 ad
566 3744 685 3818 basim
699 3735 818 3844 usque
829 3746 996 3833 cerebri,
1016 3760 1052 3816 et
1067 3744 1115 3816 ad
1133 3743 1309 3816 cerebelli

302 3852 398 3930 fines
415 3859 461 3930 ab
491 3860 645 3933 dextero
675 3864 810 3935 eodem
825 3864 939 3935 latere
959 3861 1220 3940 inundaverat.
1250 3862 1308 3930 Pia

301 3993 426 4051 autem
448 3981 620 4072 meninx‚
641 3982 728 4078 puri
749 3983 961 4081 supposita,
989 3981 1187 4080 aliquanto
1212 4000 1310 4074 cras-
