2854 4660
167 425 236 470 ms.
253 423 303 470 iv.
323 421 522 470 ceronsis
536 421 735 488 cersolio„
753 415 821 472 etc.
840 425 952 474 rrisr.
970 428 1018 498 m„
1045 403 1116 502 399

54 537 56 542 ’
107 541 212 610 oculi
225 541 367 608 sinistri
381 536 518 608 cantho
527 560 600 635 per
606 535 834 636 palpebram
851 541 1111 629 inferiorem...

98 661 292 754 punctim,
308 670 500 726 etsnrsnm
518 646 649 726 versus
660 659 715 723 ito
731 657 911 754 inflictam
918 659 1056 748 fnisse,
1074 676 1117 730 nt

103 772 231 869 gladii
245 778 366 871 cuspis
387 771 538 868 oblique
563 774 630 844 sub
656 771 768 843 bulbo
797 773 894 845 illius
924 776 1026 846 ocnli
1042 803 1119 876 per

108 893 190 986 ejus
216 891 378 962 orbitam
406 913 551 960 osseam
574 914 702 962 verens
731 896 958 965 anteriorem
980 895 1121 965 cerebri
1164 896 1165 900 ’

108 1005 230 1082 basim
245 1013 462 1105 penetrarit.
481 1005 587 1078 Adde
608 1008 722 1104 igitur
735 1031 885 1079 mecum
904 1010 1009 1106 quod
1022 1011 1121 1082 obli-

109 1150 211 1223 quus
221 1126 283 1198 ille
301 1125 414 1223 gladii
426 1126 610 1212 incessus,
624 1141 661 1195 et
674 1149 834 1222 magnus
843 1125 1002 1200 dextere
1019 1131 1120 1202 euris·

109 1244 245 1331 dolor,
261 1259 298 1314 et
314 1243 485 1314 salutaris
506 1242 622 1314 saniei
643 1267 712 1340 per
728 1243 848 1340 ipsam
868 1243 1041 1319 defluxus
1060 1248 1119 1318 in·

109 1359 510 1457 dicant‚kemisphteri
523 1357 668 1430 cerebri
682 1359 831 1430 dexteri
839 1387 849 1430 :
867 1362 997 1458 sicque
1007 1365 1118 1436 intel-

2 1551 5 1582 ᾗ
109 1480 205 1577 liges
223 1475 346 1563 facile,
366 1477 558 1549 sinistrum
579 1478 872 1575 commisimus,
893 1499 971 1550 non
992 1479 1119 1552 dexte·

2 1659 4 1701 ζ
109 1622 216 1685 rum,
236 1595 350 1671 fuisse
359 1593 507 1668 cerebri
521 1595 662 1666 laesioni
679 1597 908 1693 oppositum.
922 1601 993 1669 Per
1008 1613 1043 1670 te
1058 1623 1123 1670 au·

2 1777 6 1787 ,
109 1731 188 1788 tem
199 1715 391 1812 intelligis,
411 1715 600 1812 pertinere
626 1714 831 1810 aliquando
850 1714 898 1786 ad
917 1716 1120 1797 cerebrum

1 1908 7 1931 f
110 1833 270 1904 vulnera
294 1857 373 1904 non
399 1831 515 1902 modo
540 1831 692 1916 orbitis,
715 1831 781 1904 sed
803 1847 840 1903 et
863 1831 959 1904 infre
976 1833 1119 1906 orbitas

109 1943 267 2038 inflicta,
295 1948 408 2047 quod
422 1963 459 2020 et
482 1949 709 2046 Egermeieri
733 1947 889 2020 historia
913 1949 969 2045 (ι)
993 1965 1119 2020 osten·

2 2111 3 2118 κ
109 2068 241 2156 derat,
258 2083 294 2138 et
314 2066 392 2138 haec
406 2065 707 2138 alteraValsalvae
723 2068 842 2137 nostri
853 2063 1066 2138 confirmat.

2 2261 7 2294 Νι
162 2185 219 2284 59.
236 2191 254 2256 J
259 2186 388 2256 uvenis
403 2205 591 2256 annorum
603 2184 735 2281 viginti
747 2186 930 2281 quinque,
945 2186 1117 2280 punctim

109 2321 224 2376 acuto
253 2293 342 2377 edse
367 2305 465 2374 circa
494 2299 714 2374 inferiorem
744 2304 953 2401 marginem
988 2301 1119 2376 orbito

2 2398 7 2504 f
111 2423 215 2494 oculi
232 2423 370 2508 sinistri
387 2423 585 2500 enudetur.
606 2423 636 2492 Α
655 2420 812 2492 vulnere
827 2419 944 2491 cadit:
973 2407 1120 2494 cessent

1 2533 8 2638 Ἰ
110 2541 286 2617 omnium
317 2540 541 2612 interiorum
578 2561 756 2612 sensuum
781 2537 1014 2612 functiones:
1040 2562 1119 2616 non

1 2648 8 2745 ’,
110 2659 292 2756 loquitur.
312 2659 350 2728 Si
378 2657 586 2731 nonnullos
607 2656 849 2732 convulsivos'
869 2673 996 2730 motus
1020 2658 1121 2730 exci-

1 2768 8 2879 ζ
110 2777 216 2872 pias,
235 2776 295 2845 vix
313 2774 432 2844 ullum
445 2791 571 2846 motus
589 2775 773 2848 indicium
785 2775 865 2862 dat3
885 2790 926 2846 ut
939 2799 1025 2846 cum
1037 2799 1120 2874 spe-

2 2889 7 3002 L
111 2891 240 2964 cilium
253 2893 292 2962 in
305 2889 687 2980 vulnusimmittitur,
705 2893 868 2988 aliquem
888 2891 1121 2964 dolorissen-
1166 2879 1169 2892 ’

2 3002 8 3019 ’
110 3033 195 3084 eum
217 3009 390 3083 ostendit.
406 3015 450 3080 In
462 3005 626 3106 singulas
642 3008 755 3080 horos
772 3009 1028 3105 respirationis
1039 3035 1121 3081 mo-

111 3142 176 3199 tus
193 3142 359 3224 augetur.
388 3126 596 3200 Novissime
628 3123 824 3197 deficiente
859 3125 991 3222 pulsu,
1021 3127 1121 3199 circa

111 3244 249 3316 horam
263 3243 309 3314 ab
325 3245 480 3343 eccepto
500 3242 654 3314 vulnere
670 3243 854 3314 decimam
870 3244 1039 3314 moritur.
1056 3248 1121 3318 Cc·

2 3369 4 3375 '
85 3387 86 3390 ¹
111 3362 230 3436 rebro
246 3387 266 3432 e
284 3363 411 3432 crenio
427 3375 624 3459 exempt0,
646 3359 878 3456 specilloque
898 3361 937 3429 in
957 3362 1120 3435 exterius

2 3462 6 3494 ³
111 3479 282 3550 vulneris
295 3474 481 3548 orificium
499 3473 636 3564 indite,
650 3491 886 3574 compertum
898 3491 972 3565 est,
990 3501 1123 3550 secun·

1 3576 5 3592 ⁵
112 3593 207 3666 dum
220 3595 316 3666 latus
333 3592 450 3666 ferme
465 3595 557 3666 ossis
570 3594 763 3693 spongiosi
773 3593 977 3692 superioris
993 3619 1121 3666 ensem

153 3967 199 4047 (ι)
221 3967 376 4043 Sepulchr.
391 3977 460 4023 sect.
476 3967 532 4022 hac
545 3966 577 4036 3,
590 3966 654 4022 obs.
671 3966 703 4036 3,
722 3969 737 4035 S
769 3965 796 4021 3.
