2872 4660
312 459 360 546 34
484 479 530 524 nn
556 473 701 524 sturnus
725 473 769 520 nr
795 471 920 521 ceusu
945 471 1155 520 nunnonuu
1262 491 1293 522 t

308 614 395 667 rum
413 588 550 662 similes
562 587 657 672 sint,
675 584 809 656 litteris
821 583 1082 682 superioribus
1100 581 1156 679 (1)
1174 597 1229 656 est
1241 597 1319 656 tra-

289 709 441 782 ¹ditum.
460 705 562 796 Quin
591 703 702 774 etiam
730 702 835 773 utin
863 702 1006 772 ventris
1033 723 1125 772 cavo
1149 700 1319 800 hydrops

311 841 367 901 est
396 821 586 896 interdum
620 843 665 890 ex
700 817 967 914 hydatidihus3
1001 833 1042 890 ut
1072 833 1162 916 puta
1187 819 1320 915 quales

309 940 518 1040 Ruyschius
530 937 589 1035 (α)
604 936 724 1034 pinxit
742 935 923 1033 peculiari
941 960 1050 1008 sacco
1067 935 1250 1024 inclusas,
1269 936 1319 1007 itu

310 1086 391 1136 nou
415 1062 624 1157 repugnat.
659 1051 873 1151 hydropem
906 1054 1322 1150 uteri'nonnunquam
1433 1145 1434 1158 ἵ

310 1177 393 1254 fieri
409 1175 456 1246 ad
469 1172 651 1246 veumdem
673 1169 854 1257 modum,
873 1171 1077 1266 praesertim
1094 1194 1180 1242 cum
1191 1170 1320 1258 hunc;
1433 1245 1434 1254 ,

311 1295 409 1393 (nisi
429 1291 525 1364 forte
542 1313 613 1389 pro
630 1287 731 1358 mola
749 1312 794 1358 ex
809 1287 1001 1376 vesiculis,
1014 1301 1056 1360 ut
1074 1287 1137 1360 alii
1152 1287 1319 1376 malunt,
1433 1315 1434 1328 ¹

312 1406 561 1505 habendum)
588 1411 708 1505 capite
724 1403 771 1476 de
799 1409 897 1476 uteri
917 1404 1088 1503 hydrope
1121 1408 1252 1478 Aetius
1267 1403 1325 1503 (3)

313 1525 573 1626 descripserit:
598 1528 777 1596 Humoris
805 1527 932 1621 copia,
946 1523 1092 1620 inquit,
1117 1528 1155 1592 in
1179 1538 1328 1595 uterum

314 1647 487 1740 confluit,
510 1657 548 1714 et
565 1639 775 1738 aliquando
794 1639 1018 1737 corpuscula
1034 1640 1238 1738 quiedam,
1257 1665 1325 1712 ue·

313 1759 516 1854 sicaefhllu
530 1757 741 1846 simillima,
768 1763 898 1855 inipso
917 1772 1165 1854 generantur,
1186 1763 1224 1830 in
1244 1764 1330 1855 qui·'

246 1950 250 1964 ,
316 1882 384 1958 bus
402 1879 538 1950 humor
562 1874 782 1972 colligitur:
818 1899 938 1972 eaque
971 1875 1197 1973 corpuscula
1226 1873 1326 1948 infra

316 2013 425 2072 vocat
435 1993 634 2096 pelliceas,
653 2007 690 2064 et
701 2019 805 2092 aqua
817 1995 976 2085 refertas
997 1999 1149 2066 vesicas.
1168 1997 1246 2068 Nec
1259 1993 1326 2067 de-

317 2130 405 2190 sunt
419 2113 590 2212 exempla
600 2111 771 2184 diuturni
784 2111 967 2209 hydropis
984 2111 1097 2182 soluti
1113 2136 1183 2209 per
1197 2113 1328 2182 imma·

316 2259 405 2309 nem
422 2257 467 2304 ex
493 2246 601 2303 utero
632 2244 821 2300 excretum
851 2227 1073 2326 hydatidum
1101 2253 1328 2319 numerum,

318 2350 430 2450 quale
442 2349 684 2456 propositum
699 2348 800 2444 leges
813 2369 834 2416 a
853 2347 897 2418 cl.
912 2347 1211 2445 Kaunegiessero
1221 2348 1277 2446 (4)
1287 2349 1328 2418 in

318 2467 442 2542 vetula
455 2465 833 2538 annosnata'circiter
844 2465 1330 2563 septuaginta:quanquam
1432 2481 1433 2518 ³

321 2609 399 2658 esse
417 2583 535 2680 aliqui
548 2595 709 2679 possunt
723 2583 790 2678 qui
807 2581 847 2652 in
870 2579 940 2654 hac
962 2606 1116 2680 quoque
1134 2582 1331 2680 hydatides

320 2702 403 2776 illa's
424 2699 471 2770 ad
484 2725 611 2771 veram
630 2699 770 2784 molum
789 2699 982 2772 attinuisse
999 2702 1258 2798 suspicentur,
1276 2703 1331 2773 ni·
1431 2699 1432 2702 '

322 2821 461 2892 mirum
473 2841 517 2890 ex
535 2817 706 2916 placenta
720 2813 849 2906 loetus,
862 2816 953 2888 dum
963 2833 1048 2890 aetas
1060 2817 1186 2892 adhuc
1200 2817 1331 2907 ferret,

325 2933 516 3032 concepti,
540 2947 701 3032 postque
721 2933 835 3030 hujus
852 2933 998 3028 obitum
1023 2935 1163 3008 multos
1181 2961 1251 3034 per
1265 2963 1331 3008 au·

325 3077 397 3126 nos
412 3065 564 3150 gestata.
593 3049 703 3142 Quod
719 3050 806 3124 ideo
826 3051 929 3138 dico,
949 3053 1037 3150 quia
1059 3051 1104 3124 cl.
1124 3053 1333 3151 Rideusl5)
1430 3077 1431 3130 l

327 3167 659 3258 motamatterius,
686 3167 751 3240 sed
777 3167 952 3265 legitimi,
983 3183 1025 3240 ut
1056 3194 1135 3240 uon
1166 3170 1330 3262 dubitat,
1430 3139 1431 3193 l

328 3287 494 3395 generis,
522 3311 543 3356 a
563 3285 675 3356 vidua
689 3295 833 3356 annum
862 3301 995 3383 agente
1015 3292 1332 3388 septuagesimum
1429 3303 1430 3310 ’

368 3607 412 3688 (1)
431 3609 470 3664 N.
492 3623 529 3661 πο
540 3613 570 3661 et
581 3622 642 3678 seq.

370 3709 412 3790 (u)
433 3707 505 3763 obs.
522 3704 572 3761 eit.
585 3702 636 3780 fig.
651 3707 699 3770 ul.

370 3807 412 3888 (3)
433 3805 542 3862 Medic.
552 3801 701 3859 tetrnbibl.
715 3807 747 3872 4,
760 3821 846 3858 serm.
859 3809 893 3873 4,
906 3821 930 3858 c.
945 3821 991 3878 79.

371 3907 414 3986 (t)
436 3911 503 3962 Act.
517 3901 555 3960 N.
570 3904 603 3957 C.
621 3912 692 3956 tom.
707 3901 742 3971 6,
757 3901 821 3956 obs.
835 3901 884 3976 89.

371 4004 415 4089 llil
436 4007 527 4061 Mem.
541 4003 579 4060 de
592 4001 705 4058 l'Acad.
718 4018 784 4077 roy.
799 4001 850 4060 det
861 4003 929 4074 Sc,
943 4019 992 4060 tu.
1007 4001 1094 4076 1735.
