2784 5088
263 439 356 484 mn.
375 434 423 484 iv.
443 427 934 502 nunonr1scu1aune.,ete.
953 437 1064 486 nersr.
1080 439 1142 485 tu.
1170 415 1236 514 459

201 551 375 624 vulnus
395 551 472 623 ittis
504 550 763 650 superioribus
789 547 1146 641 adnumerantibus,
1165 579 1236 623 uon

202 669 354 741 modo
391 667 607 756 hominem,
644 693 732 740 cum
768 658 810 740 'ea
844 671 983 767 scripta
1021 685 1127 756 suut,
1163 695 1236 740 nou

204 799 497 886 per-sanatura,
541 785 606 858 sed
635 785 815 858 duntaxat
837 789 927 884 jam
952 790 1080 879 ferme
1111 811 1236 858 sanum

206 903 370 992 fuisse3
398 905 687 989 verumetiam,
720 905 837 1003 idque
863 907 1071 1004 praecipue,
1099 907 1129 976 si
1155 926 1236 1003 pro·

206 1021 398 1093 fundum
420 1019 552 1095 fuisset
564 1022 766 1112 vulnus‚et
782 1025 810 1094 si
822 1021 1051 1124 frustulailia
1062 1047 1182 1110 ossea,
1202 1039 1236 1094 ut

207 1142 262 1210 in
291 1139 467 1212 Helvetio
481 1141 528 1211 de
541 1165 620 1238 quo
638 1141 749 1240 paule
767 1157 853 1214 ante
874 1142 1104 1228 dictumest,
1120 1154 1236 1217 edne·

208 1255 371 1328 rebelli
389 1259 609 1329 substantiae
628 1263 764 1328 intimis
776 1255 933 1331 fuissent
955 1274 1137 1347 extracta;
1158 1283 1236 1330 auc«

208 1389 356 1446 torem
372 1389 572 1474 postquam
591 1374 637 1447 de
653 1377 725 1447 isto
737 1375 894 1448 vulnere
913 1376 1031 1475 quod,
1043 1375 1159 1447 ferme
1166 1375 1236 1472 jam

213 1507 406 1565 sanatum
431 1492 611 1565 censebat
624 1493 776 1611 ,deque
800 1495 881 1566 aliis
900 1495 1045 1566 cerebri
1067 1519 1236 1592 persana

209 1613 271 1683 tis
303 1611 535 1722 scripserat,
553 1635 632 1682 non
663 1613 715 1685 sic
746 1610 858 1685 fuisse
886 1635 994 1684 suum
1028 1635 1236 1683 sermonem

215 1730 358 1801 statim
392 1729 685 1814 conclusurum,
710 1753 829 1828 quare
852 1755 929 1800 non
950 1754 1078 1800 omnia
1104 1731 1236 1800 cerebri

213 1846 414 1934 vulnera,
435 1845 708 1945 sedprofundn
723 1863 868 1918 tantum
881 1863 969 1918 sunt
976 1847 1108 1918 lletha
1094 1873 1141 1917 ια
1153 1852 1236 1936 Qua

223 1989 327 2037 cum
346 1966 397 2035 ita
413 1966 502 2053 sint,
523 1980 624 2036 recte
645 1962 773 2036 fecisse
788 1967 971 2035 Joannem
991 1965 1177 2034 Bohuiuut
1191 1963 1236 2059 (1

221 2082 482 2170 existimabis,
500 2085 567 2179 qui
585 2107 670 2154 cum
696 2082 812 2152 multa
824 2082 975 2153 vidisset
993 2083 1093 2178 ipse,
1113 2097 1150 2152 et
1165 2081 1236 2179 piu·

219 2202 353 2288 rima,
371 2200 495 2296 siquis
510 2199 622 2286 alius,
636 2197 683 2270 de
693 2198 914 2270 vulneribus
928 2201 1065 2296 scripta
1079 2197 1236 2296 legisset.

222 2315 316 2387 haec
342 2315 519 2388 tradidit:
542 2323 575 2388 si
599 2322 867 2416 experientiam
895 2314 1150 2404 consulamur,
1174 2321 1236 2387 via

225 2437 494 2526 unumforsan
505 2436 705 2507 observare
721 2439 925 2531 continget,
938 2440 1003 2530 qui
1014 2457 1063 2503 eac
1075 2434 1236 2504 lacerata

226 2551 417 2623 cerebello
440 2557 614 2635 evaserit,
632 2573 714 2624 cum
735 2552 855 2650 plura
882 2557 1024 2651 genesim
1042 2553 1150 2624 obvia
1171 2558 1236 2621 sini

226 2669 387 2741 illorum
403 2671 592 2769 exempla,
605 2673 735 2768 quibus
745 2675 1008 2766 satc'ringentt'u
1023 2693 1171 2767 quoque
1188 2693 1236 2740 ce·

227 2787 339 2858 rebri'
348 2785 511 2860 vulnera
529 2788 709 2859 coaluisse
714 2789 942 2886 perhibetur.
964 2789 1236 2877 Quorum-sana

228 2905 351 2976 tionis
365 2904 645 2977 observationes
665 2919 701 2976 et
720 2907 798 3002 ipse
816 2905 957 2976 indicat
972 2905 1028 3000 (a)
1041 2905 1138 2974 benc
1156 2906 1236 2976 mul

232 3037 314 3109 tas,
333 3039 368 3094 et
399 3026 570 3096 Donatus
587 3022 643 3116 (3)
662 3047 834 3120 quoque,
862 3037 898 3094 et
932 3019 1161 3093 Schenckius
1188 3021 1236 3118 (4

232 3141 488 3238 collegerant,
508 3166 602 3238 quas
619 3142 718 3211 inter
733 3141 791 3210 vel
811 3139 982 3236 quaedam
1006 3153 1094 3210 sunt
1113 3138 1236 3208 vuine-

233 3283 324 3330 rum
362 3260 401 3329 in
433 3258 578 3331 cerebri
609 3282 730 3355 usque
761 3257 992 3329 ventriculos
1026 3255 1236 3353 pervenien

280 3637 324 3718 (ι)
344 3641 388 3695 Dc
401 3659 523 3696 renunc.
538 3641 620 3695 vuln.
633 3659 657 3695 s
670 3657 706 3712 2,
724 3659 751 3696 c.
769 3659 793 3696 1.

294 3775 310 3811 2

280 3751 428 3948 (ὃζειΙ
346 3873 390 3928 De
405 3871 514 3930 Medae
528 3869 605 3928 Hist.
617 3869 724 3926 mirah.
739 3871 759 3926 l.
779 3869 812 3942 5,
827 3890 852 3928 c.
868 3876 896 3934 4.
989 3885 990 3888 ’

281 3985 327 4063 (4)
346 3985 419 4044 obs.
433 3987 540 4045 medic.
557 3989 576 4044 l.
597 4007 630 4060 1,
642 3986 696 4044 uhi
710 3986 747 4044 de
758 3984 873 4042 cerebri
885 3985 968 4040 vuln
