2854 4660
239 455 307 500 mn.
326 453 376 500 iv.
387 453 439 510 nr
456 451 593 500 nonnis
605 449 803 514 omnum„
818 439 888 496 etc.
908 449 1020 500 rrisu.
1035 421 1073 498 ἰ.
1089 427 1169 502 ’3η
1207 446 1211 478 ³

162 569 251 646 niae,
268 565 503 664 putredinis,
527 565 784 662 corruptionis
802 565 861 635 vel
886 565 1089 636 minimum
1113 590 1174 640 os·

163 682 384 756 tendentem
398 683 594 781 vestigium
614 707 622 751 t
648 705 731 778 quae
750 682 934 753 sententia
959 704 1037 750 non
1053 705 1173 754 unum

161 797 296 874 habuit
321 787 626 900 astipulatorem,
649 801 747 872 etin
782 797 841 870 bis
869 798 1097 896 discipulum
1127 801 1170 872 oi.

158 919 291 990 Kuimi
305 919 347 988 in
365 943 408 990 ea
424 917 686 990 dissertatione
705 914 763 1014 (1)
784 939 885 1014 qum,
899 918 982 1016 ipso
995 915 1174 1016 praeside,

160 1037 343 1133 inscripta
370 1035 417 1110 de
437 1039 636 1108 Exostosis
667 1033 958 1108 steatomatode'
983 1034 1177 1108 clavicula·

161 1177 265 1226 anno
289 1154 378 1251 1732
397 1153 495 1226 editu
518 1169 582 1226 est.
600 1155 670 1224 Alii
686 1168 818 1224 tamen·
840 1153 969 1252 piures
983 1168 1022 1225 et
1037 1139 1170 1240 antea,
1254 1231 1258 1240 ,

161 1286 200 1344 et
210 1287 339 1369 postea
359 1296 424 1344 eos
449 1295 605 1368 quoque
632 1270 773 1342 ossium
800 1285 969 1342 tumores
992 1271 1175 1342 exostosis

159 1389 317 1460 nomine
350 1388 616 1490 designarunt,
643 1387 870 1486 quibuscum
890 1391 1031 1461 ossium
1054 1389 1172 1461 caries

158 1521 259 1580 esset,
275 1508 489 1602 conjuncta.
509 1505 713 1604 Utriusque
731 1522 857 1580 autem
871 1508 1019 1606 generis
1032 1508 1170 1580 iterum

158 1625 381 1723 partitiones
413 1639 631 1718 occurrunt.
662 1626 748 1696 Nou
779 1626 914 1697 cariosi
944 1627 1044 1696 enim
1077 1627 1174 1698 ossis

157 1757 288 1815 tumor
324 1757 389 1812 aut
416 1767 459 1814 ex
484 1741 600 1814 densa
628 1743 823 1840 solidaque
861 1739 1066 1818 substantia
1094 1757 1171 1830 est,

158 1858 310 1956 qualem
328 1859 488 1932 maxima
511 1883 556 1932 ex
575 1875 680 1958 parte
703 1861 825 1956 pinxit
840 1859 993 1931 Bidinus
1015 1861 1087 1960 (n),
1105 1875 1169 1932 aut
1270 1879 1271 1887 ¹

161 1999 207 2047 ex
223 1975 430 2051 substantia
447 1981 485 2047 in
509 1992 626 2048 totum
647 1977 845 2066 cellulum,
865 1977 923 2048 vel
945 1979 1166 2075 spongiosa‚

157 2107 202 2166 ut
221 2095 261 2164 in
277 2110 382 2192 parte
402 2095 495 2166 ossis
513 2091 690 2184 femoris,
721 2117 805 2192 qnae
833 2094 1040 2167 secundum
1063 2111 1170 2168 natu-

157 2235 239 2282 ram
265 2225 322 2282 est
344 2235 527 2308 perquam
553 2211 649 2283 dura
678 2209 725 2282 ad
742 2213 861 2282 unciae
880 2210 1166 2282 crassitudinem

158 2343 266 2400 aucta
282 2327 492 2427 Ruyschius
510 2329 564 2426 (3)
581 2330 692 2418 vidit,
717 2344 781 2400 aut
816 2329 999 2426 denique,
1019 2343 1063 2400 ut
1080 2327 1170 2400 deli·

159 2445 287 2517 neavit
305 2444 406 2517 idern
420 2445 476 2543 (i)
487 2447 526 2520 in
545 2471 627 2520 osse
644 2447 762 2536 tibiae,
781 2471 826 2518 ex
842 2444 1047 2519 substantia
1068 2461 1169 2518 exte·

157 2565 236 2636 rius
253 2563 408 2660 quidem
423 2563 627 2638 admodum
642 2589 778 2660 crassa,
801 2563 920 2651 dura,
952 2581 1167 2662 compactam

156 2681 317 2751 interius
340 2694 466 2752 autem
488 2705 703 2756 cavernosa.
737 2681 880 2753 Cariosi
915 2697 1041 2751 autem
1074 2682 1168 2753 ossis

157 2811 328 2868 tumores
346 2812 411 2870 aut
446 2799 585 2870 cariem
606 2816 843 2896 sequuntur,
869 2799 976 2894 cujus
998 2815 1167 2872 ‘externae

157 2915 305 3010 injuriae
337 2937 448 2986 causa
478 2913 639 3003 fuerint,
684 2917 789 2988 utin
820 2915 968 2987 maxilla
989 2914 1166 2988 inferiore
1254 2995 1255 2998 Ἴ

159 3032 292 3130 puellae
302 3057 393 3130 quae·
407 3057 453 3106 ex
465 3033 542 3106 alto
550 3034 754 3122 ceciderat,
779 3033 966 3132 descripta
983 3034 1023 3102 in
1046 3033 1169 3130 Regiae

159 3150 408 3222 scientiarum
441 3149 648 3224 Academia
671 3152 885 3230 Parisiensis
911 3149 1071 3222 Historia
1094 3147 1168 3244 (5),

160 3281 226 3340 aut
239 3269 453 3354 internum,
473 3282 516 3340 ut
528 3270 681 3367 saepius,
695 3268 899 3338 humorum
924 3267 1076 3352 vitium,
1092 3267 1169 3336 sive

214 3681 244 3762 n)
265 3686 369 3743 Exere.
383 3685 433 3742 cit.
447 3685 508 3742 tub.
521 3699 555 3757 a,
568 3685 617 3764 fig.
632 3689 660 3746 3.

233 3783 244 3860 )
263 3785 351 3840 Thes.
367 3795 447 3841 anat.
461 3803 538 3842 max.
550 3786 584 3845 in
594 3787 653 3846 fine
664 3787 704 3847 ad
715 3787 772 3846 tiu.
784 3789 824 3847 Η.

232 3879 245 3959 )
263 3883 351 3940 Thes.
365 3895 444 3960 auat.
466 3903 517 3966 ro,
536 3887 596 3942 tab.
608 3905 644 3957 2,
661 3885 712 3968 fig.
730 3905 777 3946 ro.

201 3979 246 4060 (5)
266 3985 325 4042 An.
341 4003 428 4058 1727,
440 3985 505 4044 obt.
521 3997 600 4044 anat.
614 3987 642 4044 6.
