2784 5088
169 459 237 506 ma.
254 461 303 506 1v.
320 461 365 506 aa
381 459 516 506 nonus
529 455 726 523 caraune,
739 449 808 506 etc.
826 461 937 506 misr.
950 461 1024 506 nur.
1054 435 1127 532 5¹9

96 598 200 644 non
221 573 267 644 ad
285 536 388 644 hitnc
404 573 530 644 locum
548 571 770 671 spectantia,
789 572 855 646 ubi
868 571 944 644 fere
962 599 1045 671 qua
1061 575 1130 643 mii·
1154 555 1156 562 ,

118 716 194 763 nus
218 691 427 763 secundum
448 707 620 762 naturam
637 693 714 762 visa
734 707 841 778 sunt,
872 716 915 762 ea
941 693 1123 764 duntaxat

121 806 361 907 proferimus.
382 812 472 900 Quae
491 825 533 882 ut
550 811 771 908 priusquam
798 811 844 882 de
867 811 1023 882 vulnere
1038 811 1129 882 scri·

122 927 227 1016 bam,
243 929 371 1025 paucis
390 929 656 1026 perstringam,
666 927 739 999 huc
754 929 925 1000 redeunt.
937 933 981 1000 In
995 944 1126 999 ventre

122 1047 220 1134 lien,
240 1062 370 1116 caetera
389 1071 524 1131 sanus,
548 1046 742 1142 aliquanto
760 1047 884 1142 major
917 1046 1128 1118 secundum

122 1189 256 1235 omnes
273 1163 528 1236 dimensiones
544 1160 632 1252 fuit,
649 1187 762 1260 quam
770 1164 877 1260 justae
894 1163 1127 1262 etquadratae
1167 1177 1169 1182 ’

124 1297 274 1353 staturae
288 1282 467 1367 hominiS,
480 1297 517 1354 et
528 1282 689 1377 jecinori
703 1281 896 1360 videretur
909 1284 1127 1356 convenire.

123 1404 167 1468 In
184 1401 240 1495 cuj
248 1423 289 1470 us
307 1400 470 1488 vesicula
485 1399 593 1496 quod
606 1423 724 1496 pauca
742 1415 840 1489 esset
858 1401 1127 1489 bilis,minime

122 1543 206 1590 sum
222 1519 378 1590 miratus
389 1519 456 1616 qui
466 1521 619 1606 scirem,
636 1534 674 1589 et
685 1521 867 1590 vomitum
883 1536 919 1591 et
929 1521 1126 1618 copiosum

122 1635 346 1734 prandium,
371 1634 473 1707 unde
493 1660 666 1732 expressa
682 1627 797 1725 esset,
818 1639 1072 1735 praecessisse,
1091 1650 1128 1708 et

96 1785 99 1790 ’
122 1777 212 1824 sane
227 1754 274 1824 ad
286 1753 409 1824 hilarii
425 1753 561 1825 ductus
581 1752 774 1841 osculum,
793 1756 833 1824 in
857 1781 977 1852 eaque
992 1755 1128 1826 vicinia

123 1869 344 1941 duodenum
367 1871 586 1942 intestinum
608 1869 702 1942 flava
721 1870 797 1942 bile
825 1871 1019 1943 madidum
1040 1899 1130 1944 conr

122 1967 362 2084 spiciebatur.
389 1987 500 2076 Quod
529 1987 576 2060 ad
597 2002 709 2085 caput
728 1989 882 2082 attinet,
916 1987 1128 2086 sanguifcra

121 2127 208 2174 vasa
227 2119 334 2199 eraut
350 2102 520 2202 turgida,
542 2103 648 2176 facile
669 2106 781 2177 etiam
802 2105 853 2178 ob
873 2106 1129 2178 distendentes

122 2245 249 2292 aereas
262 2221 444 2309 bullulas,
464 2247 626 2319 quarum
654 2223 837 2320 plurimas
859 2224 993 2320 passim
1013 2226 1051 2292 in
1069 2247 1128 2294 ce·

124 2338 227 2411 cebri
250 2340 369 2427 vasis,
390 2355 427 2414 et
448 2339 518 2412 sub
537 2342 643 2412 tenui
660 2341 836 2438 meninge
862 2341 1047 2427 vidimus,
1068 2365 1131 2412 ex·

127 2458 271 2526 tricatas
288 2453 443 2530 fortasse
463 2483 484 2529 a
504 2460 687 2556 sanguine
700 2457 751 2529 ob
769 2459 1000 2556 tempestatis
1022 2474 1128 2554 tepo-

127 2599 202 2647 rem
217 2580 419 2670 praesertim
441 2590 527 2674 post
545 2576 699 2673 longam
722 2575 769 2646 ab
789 2577 945 2648 interitu
963 2599 1129 2663 moram;

130 2691 170 2762 td
194 2695 310 2762 cranii
336 2697 436 2765 enim
465 2695 647 2766 interiora
673 2693 920 2766 examinanda
949 2719 1029 2765 non
1057 2696 1129 2765 uisi

131 2808 270 2880 tecimo
300 2811 411 2881 tertio
445 2811 506 2884 die
541 2814 801 2910 pervenimus:
834 2837 913 2909 quo
941 2827 1131 2910 tempore,

128 2926 289 2998 detracto
307 2927 483 3015 cerebro,
509 2931 627 2998 cranii
644 2954 776 2999 cavum
795 2928 1128 3018 animadvertimus

129 3044 242 3116 uultu
270 3043 317 3115 ad
338 3047 490 3141 occiput
524 3042 638 3116 fuisse
667 3046 831 3142 amplius
858 3047 897 3114 in
930 3044 1127 3115 dexterum

133 3159 222 3234 htus
239 3215 248 3249 ,
268 3187 381 3258 quam
402 3163 442 3232 in
463 3163 667 3234 sinistrum.
699 3161 771 3232 Sed
804 3160 959 3248 thorax,
989 3175 1025 3230 et
1049 3163 1132 3232 vul-

134 3303 213 3363 ωε,
240 3305 322 3376 quae
356 3281 488 3376 primis
514 3279 648 3350 diebus
669 3280 920 3376 inspeximus,
946 3277 994 3348 ad
1030 3277 1132 3350 hunc

133 3397 278 3468 nodum
300 3421 336 3469 se
358 3395 535 3469 habuere.
554 3397 659 3468 Illius
678 3419 811 3468 cavum
826 3397 1019 3473 sinistrum
1040 3399 1133 3468 mul·

136 3529 204 3586 tun
219 3513 351 3586 habuit
361 3512 469 3588 effusi
480 3516 692 3612 sanguinis,
707 3514 869 3586 multum
878 3515 1134 3615 pericardium

136 3655 296 3729 qusque,
320 3630 428 3704 fluidi
455 3631 631 3730 quidem,
650 3647 705 3719 et,
725 3632 851 3728 qualis
870 3633 910 3701 in
930 3631 1005 3704 hoc
1026 3631 1133 3702 cada·

137 3773 210 3827 vue
228 3750 317 3821 alibi
333 3753 441 3820 etiam
463 3751 563 3822 visus
582 3767 637 3822 est
656 3777 662 3820 :
686 3751 803 3848 magis
823 3773 930 3845 aequo
949 3748 1082 3838 soluti,
1097 3765 1135 3822 et

140 3861 202 3938 see
221 3869 454 3964 aquosioris,
474 3893 522 3938 an
541 3867 589 3938 ab
609 3867 712 3965 epoti
732 3865 906 3936 humoris
925 3867 1053 3963 copia,
1069 3867 1136 3963 qui

143 3981 203 4054 cio
217 4009 288 4083 per
301 3983 480 4082 chylifera
496 4008 582 4058 vasa
604 3986 643 4054 in
668 3979 878 4080 sanguifera
905 3981 1138 4056 traducitur?
