2784 5088
188 318 256 364 mn.
274 319 321 363 iv.
340 317 388 362 nr
403 315 539 362 uonms
553 314 752 377 cummim,
769 304 839 360 etc.
858 313 969 361 musr.
987 315 1049 360 tn.
1077 295 1144 378 [mr

132 427 550 504 interclusum-aditum
575 427 722 498 habeat.
751 431 892 498 Verum
918 441 954 498 et
975 451 1151 502 vasorum

135 547 317 618 distentio
328 572 433 616 novae
452 546 645 643 sanguinis
655 569 725 642 per
740 544 823 616 laesa
840 568 925 616 vasa
942 546 1153 646 eruptioni,

137 679 180 734 et
194 665 306 735 nimis
322 665 508 747 violenta,
537 687 580 734 ac
603 663 714 734 nimis
736 686 831 759 saepe
848 662 1009 760 repetita
1025 685 1153 734 crassae

140 783 331 878 meningis
350 781 581 878 compressio
608 778 721 874 hujus
740 777 1048 852 inflammationis
1061 803 1154 876 prae·

142 898 239 968 berc
265 923 415 970 causam
440 910 574 995 potest.
602 896 831 968 Utrumlibet
859 912 983 968 autem
1016 895 1154 968 horum

143 1015 301 1086 minime
335 1013 456 1086 facere
503 1013 549 1084 ad
584 1037 724 1110 aegrum
770 1014 995 1086 servandum
1036 1012 1151 1086 vides.

146 1136 213 1202 Est
231 1147 409 1229 praeterea
430 1131 581 1228 sanguis
606 1130 798 1202 interdum
831 1130 985 1218 fluxilis,
1019 1145 1056 1204 et
1085 1133 1153 1230 qui

145 1273 218 1345 per
250 1248 344 1319 illud
360 1247 529 1320 foramen
551 1250 668 1346 possit
698 1248 821 1332 elabi3
858 1250 923 1322 sed
952 1273 995 1322 ca
1025 1250 1153 1348 copIa,

147 1380 192 1438 ut
205 1367 431 1463 priusquam
450 1365 653 1452 educatur,
680 1365 878 1472 cerebrum
897 1367 993 1440 adeo
1011 1390 1154 1466 prcssc·

146 1483 216 1567 rit,
236 1497 279 1552 ut
303 1509 347 1554 ex
370 1507 412 1552 ea
433 1484 626 1579 pressione
653 1482 800 1554 homini
819 1483 1060 1558 moriendum
1082 1485 1151 1574 sit,

147 1599 363 1695 cujusmodi
386 1597 502 1670 ferme
520 1600 733 1698 exemplum
750 1600 867 1676 habes
893 1605 933 1674 in
950 1627 1025 1674 una
1041 1603 1154 1676 etiam

147 1744 195 1790 ex
213 1719 351 1804 nostris
369 1717 538 1815 epistolis
552 1719 844 1814 anatomicisp).
861 1725 943 1792 Huc
955 1718 1071 1808 addc,
1091 1745 1156 1816 poa

150 1837 268 1906 tuisse
297 1835 541 1933 corruptione
571 1859 636 1906 sua
660 1838 737 1933 jam
772 1836 908 1910 lethale
928 1838 1060 1908 vitium
1077 1862 1158 1910 mc-

150 1953 333 2050 ningibus
352 1953 699 2052 attulisselnsuper
713 1979 796 2052 quae
808 1953 856 2026 dc
871 1953 1157 2052 sanguinedixi‚

149 2072 280 2146 omnia
298 2071 345 2142 de
364 2096 457 2169 pure
477 2094 649 2168 quoque,
667 2072 742 2144 sive
761 2072 879 2168 magis
905 2070 952 2142 de
980 2072 1100 2162 sanie,
1121 2085 1159 2146 ct

149 2189 283 2262 ichore
300 2188 400 2259 dicta
417 2203 560 2286 putato.

202 2307 303 2396 Quid
321 2330 411 2378 vero
428 2305 443 2374 i
461 2307 491 2378 si
507 2304 603 2376 nihil
626 2303 761 2376 horum
781 2306 848 2394 sit,
870 2305 1069 2380 concussio
1092 2330 1159 2378 ou·

152 2441 233 2496 tem
249 2423 394 2496 cerebri
411 2438 513 2496 tanta
531 2421 658 2511 fuerit,
676 2438 718 2494 ut
730 2424 901 2494 intimam
915 2424 1032 2526 ipsius
1041 2438 1160 2498 struc-

154 2557 282 2613 turam
312 2543 567 2640 maximopere
594 2542 789 2612 vitiaverit.
826 2541 980 2642 Rclcgc,
1015 2565 1162 2640 qum,

156 2659 462 2732 observationem
482 2660 600 2746 stulti,
616 2659 666 2732 ob
684 2659 830 2730 allisum
849 2659 1093 2732 vehementer
1105 2684 1163 2735 ca·

159 2793 232 2876 put
248 2779 425 2864 extincti,
445 2801 558 2873 quam
586 2777 743 2874 epistola
771 2775 818 2848 ad
843 2792 881 2850 tc
907 2781 997 2848 VIII
1021 2777 1076 2874 (2)
1101 2776 1165 2848 dc·

160 2896 400 2994 scripsimuS‚
420 2909 457 2964 et
475 2918 562 2965 cum
580 2919 622 2964 ea
638 2893 769 2965 confer
787 2893 974 2980 damnati,
995 2917 1108 2990 quam
1121 2917 1167 2968 ex

1 2997 3 3001 ,
98 3011 100 3016 ⁸
162 3013 297 3088 Littrio
318 3027 410 3082 tunc
423 3009 684 3082 adnotavimus
697 3009 772 3107 (3),
799 3026 836 3084 et
856 3010 903 3081 ad
923 3034 1037 3107 quam
1064 3035 1170 3108 supe.

162 3129 330 3206 rioribus
360 3129 494 3200 litteris
515 3129 569 3224 (4)
600 3142 949 3214 commemoratam,
984 3126 1092 3198 aliam
1125 3153 1168 3200 ex

163 3247 330 3318 Haenelio
353 3245 577 3320 addidimus.
607 3250 652 3315 In
682 3246 834 3322 nemine
871 3243 1024 3316 illorum
1055 3246 1171 3316 trium

164 3367 316 3460 sanguis
336 3379 415 3434 erat
442 3360 607 3450 effusus3
637 3361 715 3432 duo
747 3377 872 3432 tamen
903 3362 1016 3460 primi
1043 3361 1170 3450 illico,
