2828 4652
186 478 255 524 mr.
267 477 315 525 1v.
333 479 378 524 nr
388 468 811 542 uonmscumurc.,etc.
823 479 935 526 rrrsr.
947 481 1045 530 xttx.
1076 457 1139 531 181

132 589 250 664 licant
271 591 437 664 calculos
448 645 457 681 ,
470 597 649 690 quoniam
662 596 695 662 si
699 593 892 683 fricentur
906 591 1031 690 digitis
1049 619 1145 666 com·

127 707 479 806 primend0,facile
496 707 756 781 dissolvuntur.
779 714 898 780 Porro
921 734 991 806 ego
1009 713 1144 784 nonin

131 823 305 898 febribus
324 825 470 916 solum,
492 827 566 898 sive
589 839 713 898 esseut
732 849 875 915 vernae,
910 841 974 898 aut
997 829 1144 920 aestivae,

132 943 211 1015 sive
224 943 483 1033 autumnales,
510 958 575 1014 aut
605 942 819 1040 hyemaleS,
848 944 924 1016 sive
954 945 1154 1018 intermit-'

130 1075 274 1149 tentes,
292 1061 368 1133 sive
392 1061 598 1150 continuae,
624 1061 700 1132 sive
733 1058 926 1158 benignae,
957 1062 1033 1133 sive
1061 1087 1142 1136 ma-

131 1178 242 1276 lignae
266 1177 326 1250 vel
346 1203 433 1250 cum
459 1177 633 1276 peticulis
650 1178 811 1274 junctae,
847 1179 923 1250 sive
941 1176 1042 1249 inter
1059 1179 1141 1254 illas

129 1295 282 1383 mediae,
306 1285 370 1366 aut
399 1296 592 1368 interdum
624 1297 836 1384 levissimae,
862 1293 1049 1366 diuturnae
1076 1311 1141 1370 aut

126 1411 283 1502 breves,
303 1413 379 1486 sive
404 1415 444 1484 in
463 1415 613 1512 pueris,
635 1429 699 1486 aut
717 1413 1040 1502 adolescentibuS,
1061 1415 1139 1488 sive

125 1531 166 1603 in
176 1531 283 1640 yiris,
295 1531 419 1604 sivein
430 1530 670 1621 mulieribus,
686 1532 795 1604 ethis
809 1531 1013 1632 aliquando
1025 1530 1153 1606 etiam‘

124 1648 432 1748 praegnantibus,
460 1651 536 1722 sive
554 1649 721 1734 ,demum
745 1647 1138 1752 ex'frequentioribus
1209 1682 1213 1688 ·

125 1768 248 1840 causis
262 1782 371 1856 ortae,
384 1768 460 1840 sive
476 1766 669 1840 interdum
680 1793 724 1839 ex
741 1766 1012 1865 singularibus,
1032 1783 1075 1839 ut
1089 1793 1136 1840 ex

123 1885 271 1983 ingesto
283 1884 949 1983 erodentequeveneno;nonsolum,
960 1889 1134 1984 inquam,

122 2002 165 2073 in
185 1999 375 2092 febribus,
391 2029 524 2075 verum
544 2005 656 2076 etiam
673 2005 714 2074 in
728 2003 924 2076 nonnullis
940 2003 1021 2076 aliis
1033 2029 1134 2074 mor-

121 2118 202 2209 bis,
221 2146 243 2192 a
263 2119 358 2194 febri
389 2122 585 2218 sejunctis,
613 2135 650 2193 et
679 2121 903 2192 nominatim
934 2121 1134 2218 in'capitis
1189 2155 1191 2160 ·

122 2237 270 2312 acerbis
310 2238 527 2327 doloribus,
559 2253 596 2310 et
633 2238 876 2337 apoplecticis
907 2237 1132 2336 quibusdam

121 2353 342 2446 affectibus,
364 2381 645 2454 nonnunquam
675 2357 787 2428 etiam
819 2354 1022 2443 senilibus,
1049 2355 1131 2428 ani-

120 2474 327 2565 madverti,
346 2475 664 2573 quotiescumque
684 2475 761 2546 istie
774 2473 935 2546 arenulae
946 2476 1130 2576 apparue-

119 2607 230 2681 runt,
246 2594 377 2690 saepius
396 2591 551 2690 quidem
569 2581 721 2682 febrim,
738 2607 804 2664 aut
819 2590 998 2664 morbum
1015 2588 1128 2666 fuisse

119 2725 186 2783 aut
203 2707 371 2799 finitum,
397 2725 462 2782 aut
483 2707 553 2780 fini
571 2711 805 2808 proximum,
825 2691 890 2782 sed
909 2708 1013 2784 haud
1040 2734 1129 2782 raro

64 2877 68 2887 ι
118 2845 344 2901 tamencum
360 2827 421 2900 vel
441 2825 631 2900 declinare
650 2827 815 2901 necdum
834 2831 1027 2926 coepisset,
1045 2828 1127 2916 vel,
1146 2845 1163 2900 t

119 2947 150 3018 si
159 2946 352 3044 coepisset,
367 2970 446 3016 non
459 2943 716 3021 itamanifesto
732 2945 920 3018 declinare
934 2959 1126 3043 pergeret,

118 3079 162 3136 ut
171 3063 331 3136 dubium
352 3063 476 3135 adhuc
497 3079 674 3134 eventum
693 3065 810 3162 magis
838 3087 952 3161 quam
977 3061 1128 3148 vellem,

118 3207 200 3254 non
217 3183 458 3282 relinqueret.
472 3181 802 3271 Quemadmodum
815 3181 988 3253 autemin
1003 3177 1129 3274 morbi

118 3296 213 3387 fine,
237 3300 360 3372 autin
387 3299 638 3371 declinatione
660 3299 737 3395 jam
775 3313 898 3386 certa,
922 3311 959 3368 et
985 3297 1024 3368 in
1049 3296 1129 3370 dies

120 3417 257 3514 majori
270 3415 364 3490 facta
383 3432 526 3517 naturae
547 3417 742 3488 victoriam
759 3413 1032 3486 confirmarunt
1048 3442 1056 3504 3
1076 3415 1128 3486 sic

119 3550 208 3608 ante
226 3534 488 3608 declinationis
513 3536 685 3621 initium,
713 3549 777 3604 aut
795 3535 835 3603 in
862 3533 978 3604 dubia
1001 3531 1127 3604 adhuc

120 3653 373 3725 declinatione
413 3653 583 3726 eamdem
613 3652 810 3722 victoriam
841 3667 883 3722 ut
919 3651 1127 3749 plurimum

120 3769 422 3870 portenderunt3
439 3795 604 3868 namque
617 3785 681 3840 aut
695 3769 852 3840 morbus
874 3767 1030 3839 feliciter
1052 3791 1129 3838 om-

121 3889 215 3960 nino
236 3888 362 3978 desiit,
381 3903 463 3978 aut,
479 3891 508 3962 si
523 3888 687 3960 recidiva
704 3903 830 3959 secuta
846 3902 915 3975 est,
935 3911 978 3958 ea
996 3885 1127 3972 levior,

120 4006 354 4104 breviorque
378 4004 460 4079 fuit.
497 4006 618 4080 Semel
647 4004 845 4096 duntaxat,
881 4001 986 4100 quod
1019 4001 1066 4072 ad
1091 4015 1128 4073 te
