2828 4652
141 475 211 522 mr.
221 473 271 520 ιν.
286 473 333 520 nu
347 471 483 520 uonms
493 463 671 520 cursuro.
681 445 766 538 ,'etc.
781 475 999 525 ansarum.
1032 457 1099 554 193

90 602 130 660 et
144 587 234 663 colli
247 584 464 658 vehementi
480 600 653 682 correpta
671 601 736 657 est.
751 591 971 686 Deincepsa
988 589 1102 684 febri,

91 720 131 778 et
150 705 302 793 dolore,
321 703 460 801 quibus
482 729 520 777 se
542 723 676 802 magna
696 705 858 777 addebat
886 711 1104 798 convulsi0,

91 823 191 896 male
209 821 337 894 habita
355 836 430 910 est,
449 820 729 893 remittentibus
742 824 896 919 quidem
912 826 1104 897 interdum

93 941 157 1014 vel
172 940 219 1012 ad
236 938 425 1027 triduum,
444 938 531 1010 alias
557 961 648 1010 vero
671 940 951 1037 perstantibus,
968 959 1032 1015 aut
1048 947 1106 1015 in·

94 1057 371 1130 valescentibus
389 1055 504 1143 adeo,
530 1071 572 1128 ut
585 1057 647 1126 vix
665 1058 838 1154 spiritum
860 1057 1001 1134 ducere
1018 1061 1106 1132 lice·

94 1191 173 1262 ret,
193 1191 230 1246 et
249 1173 414 1271 denique
434 1188 548 1272 caput
566 1175 670 1272 gravi
696 1197 833 1271 sopore
857 1193 1106 1272 premeretur.

93 1299 126 1366 A
159 1293 280 1390 prima
315 1291 377 1362 illa
410 1290 655 1362 convulsione
691 1290 771 1362 dies
811 1292 988 1365 undecim
1020 1321 1108 1367 cum

94 1410 255 1497 morb0,
273 1423 482 1508 pugnatum
500 1423 556 1480 est
568 1407 657 1479 alias
673 1407 760 1480 dato
776 1409 862 1481 oleo
873 1437 919 1483 ex
933 1411 1110 1486 dulcibus

95 1527 302 1626 amygdalis
315 1551 447 1600 recens
462 1550 656 1624 expresso,
679 1527 768 1598 alias
786 1530 1110 1627 antispasmodicis

96 1645 319 1746 pulveribus
343 1644 512 1741 ejusdem
531 1647 678 1742 generis
703 1670 746 1716 ac
764 1647 830 1743 qui
848 1673 868 1717 a
888 1648 1112 1722 Mar'chione

99 1787 243 1836 nomen
257 1761 391 1850 habet,
402 1761 597 1834 cinnabari
613 1762 1110 1864 interdum,nonnunquam

98 1883 213 1982 opio,
232 1880 336 1979 quod
346 1883 386 1952 in
405 1879 531 1950 medio
550 1880 675 1954 morbi
693 1905 806 1953 cursu
825 1882 1014 1955 desertum
1033 1899 1110 1974 est,

94 2025 190 2072 ‘cum
206 1999 340 2072 inutile
357 1998 417 2070 vel
438 1997 568 2070 datum
584 1999 631 2070 ad
648 1998 725 2070 duo
751 2023 865 2097 grana
894 1999 1112 2098 deprehen-

99 2118 272 2205 deretur,
299 2118 432 2214 saepius
453 2131 578 2186 autem
596 2140 710 2203 vena,
735 2116 851 2187 semel
873 2116 1046 2189 videlicet
1068 2120 1109 2190 in

98 2219 279 2322 brachio,
304 2231 364 2304 bis
385 2234 425 2302 in
444 2256 578 2320 manu,
594 2247 651 2304 ter
670 2234 708 2302 in
726 2233 821 2332 pede
841 2235 977 2323 incisa,
1007 2235 1109 2308 unde

80 2403 82 2413 ι
100 2353 306 2424 novissime
321 2351 478 2422 emissus
499 2353 647 2449 sanguis
667 2365 703 2421 et
721 2375 897 2447 soporem
919 2353 1048 2440 illum,
1075 2369 1113 2426 et

64 2504 68 2512 ¹
101 2469 389 2549 convulsionem
417 2465 535 2540 ferme
562 2467 726 2555 sustulit,
763 2465 860 2540 febri
888 2472 1113 2568 superstite,

100 2615 182 2688 quae
214 2611 323 2660 mane
348 2585 516 2686 quotidie
535 2609 573 2660 se
593 2586 780 2685 prodebat
803 2587 884 2677 siti,
912 2611 955 2660 ac
978 2571 1112 2662 dolore

101 2707 258 2806 capitis,
284 2721 321 2778 et
340 2703 525 2777 stomachi
541 2704 725 2777 hactenus
743 2706 877 2803 stipata
889 2705 980 2777 dum
996 2706 1043 2778 ad
1057 2709 1113 2777 vi-

103 2849 235 2924 gorem
253 2824 493 2922 perveniret,
522 2821 594 2894 illis
628 2822 765 2895 deinde
795 2824 1046 2913 cessantibus,
1076 2840 1114 2897 et

103 2941 201 3016 febri
228 2944 309 3040 ipsa
325 2940 420 3015 adeo
438 2965 477 3013 se
493 2941 726 3029 remittente,
753 2955 795 3012 ut
822 2966 979 3040 vespere
1006 2941 1111 3013 nulla

106 3074 203 3134 esset
219 3058 521 3158 propemodum,
538 3057 579 3129 'et
601 3083 697 3156 aegra
718 3047 838 3130 noctu
848 3059 901 3130 sic
921 3061 1006 3132 satis
1026 3057 1114 3130 dor·

104 3179 228 3250 miret.
247 3180 338 3270 Quae
354 3174 469 3249 febris
486 3199 574 3248 cum
593 3175 673 3247 dies
697 3171 841 3272 aliquot
867 3175 914 3246 ad
936 3175 1114 3247 eumdem

104 3297 265 3368 modum
284 3309 485 3394 perstaret,
505 3296 714 3364 Peruviano
735 3295 874 3363 cortice
898 3294 959 3364 vix
977 3293 1024 3364 ad
1048 3319 1115 3364 un·

103 3416 203 3486 ciam
220 3413 362 3512 partite·
383 3427 559 3510 sumpto,
587 3411 786 3482 mulierem
806 3410 1038 3498 incolumem
1057 3438 1115 3484 re·

104 3532 228 3629 liquit.
246 3529 303 3602 Ab
322 3553 367 3602 eo
382 3544 556 3628 tempore
575 3529 782 3602 triennium
795 3528 874 3599 sine
886 3528 1116 3600 ulloinco‘rn-

105 3649 224 3720 modo
248 3648 463 3720 traductum
499 3661 570 3735 est,
601 3645 706 3744 quod
745 3659 842 3718 esset
869 3645 1115 3718 adnotatione

106 3765 278 3864 dignum.
300 3770 432 3837 Post'ea
460 3779 584 3836 autem
604 3763 776 3853 dolores,
796 3761 940 3852 febres,
962 3766 1117 3836 convul-

107 3884 256 3972 siones,
284 3881 355 3954 alia
378 3880 567 3978 ejusmodi
586 3880 799 3968 redierunt,
831 3879 895 3952 sed
926 3881 1117 3978 prioribus

107 3998 251 4074 leviora
264 4023 431 4100 semper,
448 3999 486 4073 et
503 4000 612 4074 citius
631 3998 745 4097 largis
763 3999 956 4096 sanguinis
971 3997 1118 4070 missio·
1164 4017 1166 4024 ’

184 4118 221 4190 6.
932 4114 974 4183 13
