<?xml version="1.0" encoding="UTF-8"?>
<!DOCTYPE html PUBLIC "-//W3C//DTD XHTML 1.0 Transitional//EN"
    "http://www.w3.org/TR/xhtml1/DTD/xhtml1-transitional.dtd">
<html xmlns="http://www.w3.org/1999/xhtml" xml:lang="en" lang="en">
 <head>
  <title>
</title>
<meta http-equiv="Content-Type" content="text/html;charset=utf-8" />
  <meta name='ocr-system' content='tesseract 3.04.00' />
  <meta name='ocr-capabilities' content='ocr_page ocr_carea ocr_par ocr_line ocrx_word'/>
</head>
<body>
  <div class='ocr_page' id='page_1' title='image "./desedibusetcaus03adelgoog_0173.png"; bbox 0 0 2828 4652; ppageno 0'>
   <div class='ocr_carea' id='block_1_1' title="bbox 427 347 437 377">
    <p class='ocr_par' dir='ltr' id='par_1_1' title="bbox 427 347 437 377">
     <span class='ocr_line' id='line_1_1' title="bbox 427 347 437 377; baseline 0 0"><span class='ocrx_word' id='word_1_1' title='bbox 427 347 437 377; x_wconf 66' lang='lat' dir='ltr'>l</span> 
     </span>
    </p>
   </div>
   <div class='ocr_carea' id='block_1_2' title="bbox 181 463 1139 550">
    <p class='ocr_par' dir='ltr' id='par_1_2' title="bbox 181 463 1139 550">
     <span class='ocr_line' id='line_1_2' title="bbox 181 463 1139 550; baseline 0.008 -20"><span class='ocrx_word' id='word_1_2' title='bbox 181 475 1038 550; x_wconf 69' lang='lat' dir='ltr'>ms.1v.pruonarscu1aure.,etc.uersum.</span> <span class='ocrx_word' id='word_1_3' title='bbox 1069 463 1139 540; x_wconf 27' lang='lat'>1¹65</span> 
     </span>
    </p>
   </div>
   <div class='ocr_carea' id='block_1_3' title="bbox 126 595 1230 2230">
    <p class='ocr_par' dir='ltr' id='par_1_3' title="bbox 126 595 1173 1025">
     <span class='ocr_line' id='line_1_3' title="bbox 129 595 1173 696; baseline 0.016 -29"><span class='ocrx_word' id='word_1_4' title='bbox 129 621 215 696; x_wconf 86' lang='lat' dir='ltr'>quae</span> <span class='ocrx_word' id='word_1_5' title='bbox 236 596 275 667; x_wconf 91' lang='lat' dir='ltr'>in</span> <span class='ocrx_word' id='word_1_6' title='bbox 302 595 383 692; x_wconf 88' lang='lat' dir='ltr'>ejus</span> <span class='ocrx_word' id='word_1_7' title='bbox 403 597 593 670; x_wconf 87' lang='lat' dir='ltr'>lacertulis</span> <span class='ocrx_word' id='word_1_8' title='bbox 611 597 731 671; x_wconf 89' lang='lat' dir='ltr'>basim</span> <span class='ocrx_word' id='word_1_9' title='bbox 746 597 931 692; x_wconf 87' lang='lat' dir='ltr'>habebat,</span> <span class='ocrx_word' id='word_1_10' title='bbox 947 604 986 674; x_wconf 90' lang='lat' dir='ltr'>in</span> <span class='ocrx_word' id='word_1_11' title='bbox 1002 629 1140 684; x_wconf 75' lang='lat' dir='ltr'>venatu</span> <span class='ocrx_word' id='word_1_12' title='bbox 1167 641 1173 650; x_wconf 75' lang='grc'><em>’</em></span> 
     </span>
     <span class='ocr_line' id='line_1_4' title="bbox 128 714 1139 822; baseline 0.008 -34"><span class='ocrx_word' id='word_1_13' title='bbox 128 739 171 788; x_wconf 84' lang='lat' dir='ltr'>se</span> <span class='ocrx_word' id='word_1_14' title='bbox 197 714 436 814; x_wconf 84' lang='lat' dir='ltr'>producebat</span> <span class='ocrx_word' id='word_1_15' title='bbox 453 739 605 804; x_wconf 87' lang='lat' dir='ltr'>cavam,</span> <span class='ocrx_word' id='word_1_16' title='bbox 637 715 748 789; x_wconf 88' lang='lat' dir='ltr'>firma</span> <span class='ocrx_word' id='word_1_17' title='bbox 766 717 909 817; x_wconf 91' lang='lat' dir='ltr'>ubique</span> <span class='ocrx_word' id='word_1_18' title='bbox 936 723 1139 822; x_wconf 80' lang='lat' dir='ltr'>compage,</span> 
     </span>
     <span class='ocr_line' id='line_1_5' title="bbox 128 819 1140 935; baseline 0.008 -28"><span class='ocrx_word' id='word_1_19' title='bbox 128 819 260 907; x_wconf 80' lang='lat' dir='ltr'>colore</span> <span class='ocrx_word' id='word_1_20' title='bbox 278 849 404 907; x_wconf 86' lang='lat' dir='ltr'>autem</span> <span class='ocrx_word' id='word_1_21' title='bbox 429 860 475 908; x_wconf 86' lang='lat' dir='ltr'>ex</span> <span class='ocrx_word' id='word_1_22' title='bbox 498 835 612 907; x_wconf 87' lang='lat' dir='ltr'>altera</span> <span class='ocrx_word' id='word_1_23' title='bbox 631 851 738 933; x_wconf 87' lang='lat' dir='ltr'>parte</span> <span class='ocrx_word' id='word_1_24' title='bbox 763 836 926 935; x_wconf 90' lang='lat' dir='ltr'>pallido,</span> <span class='ocrx_word' id='word_1_25' title='bbox 953 864 999 912; x_wconf 79' lang='lat' dir='ltr'>ex</span> <span class='ocrx_word' id='word_1_26' title='bbox 1024 839 1140 916; x_wconf 76' lang='lat' dir='ltr'>altera</span> 
     </span>
     <span class='ocr_line' id='line_1_6' title="bbox 126 949 391 1025; baseline 0.008 -1"><span class='ocrx_word' id='word_1_27' title='bbox 126 949 367 1025; x_wconf 82' lang='lat' dir='ltr'>rubescente.</span> <span class='ocrx_word' id='word_1_28' title='bbox 388 987 391 994; x_wconf 62' lang='lat'><strong><em>¹</em></strong></span> 
     </span>
    </p>

    <p class='ocr_par' dir='ltr' id='par_1_4' title="bbox 126 1069 1230 2230">
     <span class='ocr_line' id='line_1_7' title="bbox 184 1069 1141 1170; baseline 0.01 -30"><span class='ocrx_word' id='word_1_29' title='bbox 184 1095 238 1140; x_wconf 80' lang='grc' dir='ltr'>ιι.</span> <span class='ocrx_word' id='word_1_30' title='bbox 258 1071 338 1141; x_wconf 85' lang='lat' dir='ltr'>Nisi</span> <span class='ocrx_word' id='word_1_31' title='bbox 364 1069 537 1142; x_wconf 88' lang='lat' dir='ltr'>Valsalva</span> <span class='ocrx_word' id='word_1_32' title='bbox 563 1071 644 1170; x_wconf 90' lang='lat' dir='ltr'>ipse</span> <span class='ocrx_word' id='word_1_33' title='bbox 666 1069 757 1143; x_wconf 91' lang='lat' dir='ltr'>huic</span> <span class='ocrx_word' id='word_1_34' title='bbox 789 1095 862 1143; x_wconf 86' lang='lat' dir='ltr'>suae</span> <span class='ocrx_word' id='word_1_35' title='bbox 886 1071 1141 1150; x_wconf 76' lang='lat' dir='ltr'>observationi</span> 
     </span>
     <span class='ocr_line' id='line_1_8' title="bbox 129 1185 1143 1293; baseline 0.01 -34"><span class='ocrx_word' id='word_1_36' title='bbox 129 1187 285 1272; x_wconf 85' lang='lat' dir='ltr'>titulum</span> <span class='ocrx_word' id='word_1_37' title='bbox 304 1185 458 1262; x_wconf 76' lang='lat' dir='ltr'>fecisset</span> <span class='ocrx_word' id='word_1_38' title='bbox 471 1187 519 1260; x_wconf 88' lang='lat' dir='ltr'>de</span> <span class='ocrx_word' id='word_1_39' title='bbox 524 1189 641 1280; x_wconf 83' lang='lat' dir='ltr'>febre</span> <span class='ocrx_word' id='word_1_40' title='bbox 663 1187 841 1282; x_wconf 84' lang='lat' dir='ltr'><em>ardente,</em></span> <span class='ocrx_word' id='word_1_41' title='bbox 867 1192 987 1292; x_wconf 87' lang='lat' dir='ltr'>ipsam</span> <span class='ocrx_word' id='word_1_42' title='bbox 1014 1197 1143 1293; x_wconf 89' lang='lat' dir='ltr'>potius</span> 
     </span>
     <span class='ocr_line' id='line_1_9' title="bbox 129 1306 1142 1410; baseline 0.01 -34"><span class='ocrx_word' id='word_1_43' title='bbox 129 1306 231 1378; x_wconf 88' lang='lat' dir='ltr'>inter</span> <span class='ocrx_word' id='word_1_44' title='bbox 249 1306 583 1404; x_wconf 89' lang='lat' dir='ltr'>peripneumonias</span> <span class='ocrx_word' id='word_1_45' title='bbox 603 1308 833 1381; x_wconf 88' lang='lat' dir='ltr'>retulissem:</span> <span class='ocrx_word' id='word_1_46' title='bbox 852 1317 1072 1410; x_wconf 82' lang='lat' dir='ltr'>quanquam</span> <span class='ocrx_word' id='word_1_47' title='bbox 1090 1337 1142 1386; x_wconf 85' lang='lat' dir='ltr'>ne</span> 
     </span>
     <span class='ocr_line' id='line_1_10' title="bbox 128 1423 1143 1526; baseline 0.009 -31"><span class='ocrx_word' id='word_1_48' title='bbox 128 1425 183 1496; x_wconf 91' lang='lat' dir='ltr'>sic</span> <span class='ocrx_word' id='word_1_49' title='bbox 213 1423 368 1521; x_wconf 91' lang='lat' dir='ltr'>quidem</span> <span class='ocrx_word' id='word_1_50' title='bbox 406 1425 493 1497; x_wconf 91' lang='lat' dir='ltr'>satis</span> <span class='ocrx_word' id='word_1_51' title='bbox 524 1425 840 1524; x_wconf 84' lang='lat' dir='ltr'>intelligeremus,</span> <span class='ocrx_word' id='word_1_52' title='bbox 868 1429 1065 1526; x_wconf 85' lang='lat' dir='ltr'>quomodo</span> <span class='ocrx_word' id='word_1_53' title='bbox 1095 1455 1143 1504; x_wconf 77' lang='lat' dir='ltr'>ex</span> 
     </span>
     <span class='ocr_line' id='line_1_11' title="bbox 127 1539 1142 1644; baseline 0.01 -34"><span class='ocrx_word' id='word_1_54' title='bbox 127 1539 329 1639; x_wconf 86' lang='lat' dir='ltr'>inopinato</span> <span class='ocrx_word' id='word_1_55' title='bbox 349 1565 452 1616; x_wconf 89' lang='lat' dir='ltr'>mors</span> <span class='ocrx_word' id='word_1_56' title='bbox 469 1543 665 1643; x_wconf 87' lang='lat' dir='ltr'>ingruerit.</span> <span class='ocrx_word' id='word_1_57' title='bbox 688 1543 760 1616; x_wconf 87' lang='lat' dir='ltr'>Sed</span> <span class='ocrx_word' id='word_1_58' title='bbox 778 1569 903 1644; x_wconf 87' lang='lat' dir='ltr'>neque</span> <span class='ocrx_word' id='word_1_59' title='bbox 923 1569 1009 1618; x_wconf 90' lang='lat' dir='ltr'>cum</span> <span class='ocrx_word' id='word_1_60' title='bbox 1028 1545 1142 1620; x_wconf 83' lang='lat' dir='ltr'>dolor</span> 
     </span>
     <span class='ocr_line' id='line_1_12' title="bbox 126 1655 1141 1760; baseline 0.011 -31"><span class='ocrx_word' id='word_1_61' title='bbox 126 1680 148 1729; x_wconf 84' lang='lat' dir='ltr'>a·</span> <span class='ocrx_word' id='word_1_62' title='bbox 164 1658 325 1730; x_wconf 89' lang='lat' dir='ltr'>sinistris</span> <span class='ocrx_word' id='word_1_63' title='bbox 348 1655 494 1750; x_wconf 87' lang='lat' dir='ltr'>fuisset,</span> <span class='ocrx_word' id='word_1_64' title='bbox 514 1676 671 1760; x_wconf 90' lang='lat' dir='ltr'>apparet</span> <span class='ocrx_word' id='word_1_65' title='bbox 688 1681 757 1734; x_wconf 83' lang='lat' dir='ltr'>sur</span> <span class='ocrx_word' id='word_1_66' title='bbox 771 1661 1020 1736; x_wconf 87' lang='lat' dir='ltr'>inflammatio</span> <span class='ocrx_word' id='word_1_67' title='bbox 1043 1679 1141 1740; x_wconf 86' lang='lat' dir='ltr'>esset</span> 
     </span>
     <span class='ocr_line' id='line_1_13' title="bbox 126 1773 1230 1872; baseline 0.009 -26"><span class='ocrx_word' id='word_1_68' title='bbox 126 1799 148 1846; x_wconf 89' lang='lat' dir='ltr'>a</span> <span class='ocrx_word' id='word_1_69' title='bbox 167 1773 328 1864; x_wconf 79' lang='lat' dir='ltr'>dextris3</span> <span class='ocrx_word' id='word_1_70' title='bbox 347 1778 421 1852; x_wconf 87' lang='lat' dir='ltr'>nisi</span> <span class='ocrx_word' id='word_1_71' title='bbox 439 1773 536 1850; x_wconf 85' lang='lat' dir='ltr'>forte</span> <span class='ocrx_word' id='word_1_72' title='bbox 553 1778 619 1852; x_wconf 91' lang='lat' dir='ltr'>ubi</span> <span class='ocrx_word' id='word_1_73' title='bbox 633 1793 697 1850; x_wconf 92' lang='lat' dir='ltr'>aut</span> <span class='ocrx_word' id='word_1_74' title='bbox 711 1779 792 1867; x_wconf 89' lang='lat' dir='ltr'>ille,</span> <span class='ocrx_word' id='word_1_75' title='bbox 811 1795 876 1852; x_wconf 88' lang='lat' dir='ltr'>aut</span> <span class='ocrx_word' id='word_1_76' title='bbox 892 1779 971 1854; x_wconf 82' lang='lat' dir='ltr'>haec</span> <span class='ocrx_word' id='word_1_77' title='bbox 994 1793 1141 1872; x_wconf 63' lang='lat' dir='ltr'>memo-3</span> <span class='ocrx_word' id='word_1_78' title='bbox 1226 1773 1230 1794; x_wconf 31' lang='lat' dir='ltr'>i</span> 
     </span>
     <span class='ocr_line' id='line_1_14' title="bbox 126 1893 1140 1996; baseline 0.01 -32"><span class='ocrx_word' id='word_1_79' title='bbox 126 1908 255 1984; x_wconf 83' lang='lat' dir='ltr'>ratur,</span> <span class='ocrx_word' id='word_1_80' title='bbox 276 1893 455 1986; x_wconf 82' lang='lat' dir='ltr'>calamuS,</span> <span class='ocrx_word' id='word_1_81' title='bbox 473 1909 516 1967; x_wconf 92' lang='lat' dir='ltr'>ut</span> <span class='ocrx_word' id='word_1_82' title='bbox 535 1893 601 1985; x_wconf 87' lang='lat' dir='ltr'>fit,</span> <span class='ocrx_word' id='word_1_83' title='bbox 619 1895 778 1970; x_wconf 89' lang='lat' dir='ltr'>alterum</span> <span class='ocrx_word' id='word_1_84' title='bbox 797 1921 869 1996; x_wconf 91' lang='lat' dir='ltr'>pro</span> <span class='ocrx_word' id='word_1_85' title='bbox 885 1899 1004 1971; x_wconf 88' lang='lat' dir='ltr'>altero</span> <span class='ocrx_word' id='word_1_86' title='bbox 1022 1900 1140 1974; x_wconf 84' lang='lat' dir='ltr'>latere</span> 
     </span>
     <span class='ocr_line' id='line_1_15' title="bbox 127 2011 1141 2117; baseline 0.004 -32"><span class='ocrx_word' id='word_1_87' title='bbox 127 2013 346 2085; x_wconf 85' lang='lat' dir='ltr'>exaraverit.</span> <span class='ocrx_word' id='word_1_88' title='bbox 370 2011 469 2096; x_wconf 81' lang='lat' dir='ltr'>Illud</span> <span class='ocrx_word' id='word_1_89' title='bbox 498 2028 646 2086; x_wconf 88' lang='lat' dir='ltr'>constat</span> <span class='ocrx_word' id='word_1_90' title='bbox 680 2040 725 2086; x_wconf 86' lang='lat' dir='ltr'>ex</span> <span class='ocrx_word' id='word_1_91' title='bbox 753 2015 992 2114; x_wconf 82' lang='lat' dir='ltr'>Hippocratis</span> <span class='ocrx_word' id='word_1_92' title='bbox 1018 2016 1141 2117; x_wconf 75' lang='lat' dir='ltr'>a&#39;pho-</span> 
     </span>
     <span class='ocr_line' id='line_1_16' title="bbox 126 2117 1140 2230; baseline 0.007 -28"><span class='ocrx_word' id='word_1_93' title='bbox 126 2131 247 2202; x_wconf 87' lang='lat' dir='ltr'>rismo</span> <span class='ocrx_word' id='word_1_94' title='bbox 267 2127 346 2228; x_wconf 90' lang='lat'>(1),</span> <span class='ocrx_word' id='word_1_95' title='bbox 363 2130 461 2201; x_wconf 87' lang='lat' dir='ltr'>male</span> <span class='ocrx_word' id='word_1_96' title='bbox 489 2129 544 2202; x_wconf 85' lang='lat' dir='ltr'>de¹</span> <span class='ocrx_word' id='word_1_97' title='bbox 564 2117 639 2204; x_wconf 77' lang='lat' dir='ltr'>hoe</span> <span class='ocrx_word' id='word_1_98' title='bbox 665 2131 803 2204; x_wconf 88' lang='lat' dir='ltr'>morbo</span> <span class='ocrx_word' id='word_1_99' title='bbox 820 2134 897 2230; x_wconf 85' lang='lat' dir='ltr'>jam</span> <span class='ocrx_word' id='word_1_100' title='bbox 919 2147 1000 2208; x_wconf 86' lang='lat' dir='ltr'>tum</span> <span class='ocrx_word' id='word_1_101' title='bbox 1026 2131 1140 2209; x_wconf 89' lang='lat' dir='ltr'>fuisse</span> 
     </span>
    </p>
   </div>
   <div class='ocr_carea' id='block_1_4' title="bbox 128 2238 1274 2360">
    <p class='ocr_par' dir='ltr' id='par_1_5' title="bbox 128 2238 1274 2360">
     <span class='ocr_line' id='line_1_17' title="bbox 128 2238 1274 2360; baseline 0.006 -40"><span class='ocrx_word' id='word_1_102' title='bbox 128 2247 399 2336; x_wconf 68' lang='lat' dir='ltr'>minandum,</span> <span class='ocrx_word' id='word_1_103' title='bbox 419 2271 507 2322; x_wconf 87' lang='lat' dir='ltr'>cum</span> <span class='ocrx_word' id='word_1_104' title='bbox 537 2249 678 2322; x_wconf 88' lang='lat' dir='ltr'>icterus</span> <span class='ocrx_word' id='word_1_105' title='bbox 700 2265 787 2324; x_wconf 87' lang='lat' dir='ltr'>ante</span> <span class='ocrx_word' id='word_1_106' title='bbox 813 2249 912 2323; x_wconf 91' lang='lat' dir='ltr'>diem</span> <span class='ocrx_word' id='word_1_107' title='bbox 937 2253 1140 2350; x_wconf 87' lang='lat' dir='ltr'>septimum</span> <span class='ocrx_word' id='word_1_108' title='bbox 1235 2353 1241 2360; x_wconf 25' lang='grc' dir='ltr'>ι</span> <span class='ocrx_word' id='word_1_109' title='bbox 1267 2238 1274 2249; x_wconf 61' lang='grc'><em>“</em></span> 
     </span>
    </p>
   </div>
   <div class='ocr_carea' id='block_1_5' title="bbox 120 2364 1183 3294">
    <p class='ocr_par' dir='ltr' id='par_1_6' title="bbox 120 2364 1183 2824">
     <span class='ocr_line' id='line_1_18' title="bbox 120 2364 1140 2468; baseline 0.005 -29"><span class='ocrx_word' id='word_1_110' title='bbox 120 2364 227 2439; x_wconf 69' lang='lat' dir='ltr'>&#39;febri</span> <span class='ocrx_word' id='word_1_111' title='bbox 245 2366 390 2440; x_wconf 88' lang='lat' dir='ltr'>accidit.</span> <span class='ocrx_word' id='word_1_112' title='bbox 405 2372 453 2445; x_wconf 86' lang='lat' dir='ltr'>At</span> <span class='ocrx_word' id='word_1_113' title='bbox 468 2369 499 2442; x_wconf 87' lang='lat' dir='ltr'>si</span> <span class='ocrx_word' id='word_1_114' title='bbox 515 2367 554 2438; x_wconf 89' lang='lat' dir='ltr'>in</span> <span class='ocrx_word' id='word_1_115' title='bbox 567 2368 645 2440; x_wconf 90' lang='lat' dir='ltr'>ulla</span> <span class='ocrx_word' id='word_1_116' title='bbox 660 2370 940 2468; x_wconf 87' lang='lat' dir='ltr'>propositarum</span> <span class='ocrx_word' id='word_1_117' title='bbox 954 2368 1140 2445; x_wconf 89' lang='lat' dir='ltr'>hactenus</span> 
     </span>
     <span class='ocr_line' id='line_1_19' title="bbox 126 2481 1138 2588; baseline 0.004 -30"><span class='ocrx_word' id='word_1_118' title='bbox 126 2481 293 2558; x_wconf 88' lang='lat' dir='ltr'>febrium</span> <span class='ocrx_word' id='word_1_119' title='bbox 329 2485 484 2584; x_wconf 87' lang='lat' dir='ltr'>maligni</span> <span class='ocrx_word' id='word_1_120' title='bbox 516 2485 659 2586; x_wconf 91' lang='lat' dir='ltr'>aliquid</span> <span class='ocrx_word' id='word_1_121' title='bbox 691 2487 884 2561; x_wconf 89' lang='lat' dir='ltr'>delituisse</span> <span class='ocrx_word' id='word_1_122' title='bbox 919 2490 1138 2588; x_wconf 83' lang='lat' dir='ltr'>suspicaris3</span> 
     </span>
     <span class='ocr_line' id='line_1_20' title="bbox 125 2601 1138 2708; baseline 0.002 -30"><span class='ocrx_word' id='word_1_123' title='bbox 125 2603 250 2678; x_wconf 91' lang='lat' dir='ltr'>multo</span> <span class='ocrx_word' id='word_1_124' title='bbox 268 2601 307 2676; x_wconf 92' lang='lat' dir='ltr'>id</span> <span class='ocrx_word' id='word_1_125' title='bbox 324 2605 440 2703; x_wconf 88' lang='lat' dir='ltr'>magis</span> <span class='ocrx_word' id='word_1_126' title='bbox 455 2606 495 2678; x_wconf 87' lang='lat' dir='ltr'>in</span> <span class='ocrx_word' id='word_1_127' title='bbox 508 2629 551 2678; x_wconf 89' lang='lat' dir='ltr'>ea</span> <span class='ocrx_word' id='word_1_128' title='bbox 569 2605 772 2701; x_wconf 90' lang='lat' dir='ltr'>conjicies,</span> <span class='ocrx_word' id='word_1_129' title='bbox 789 2605 898 2702; x_wconf 86' lang='lat' dir='ltr'>cujus</span> <span class='ocrx_word' id='word_1_130' title='bbox 920 2604 1138 2708; x_wconf 76' lang='lat' dir='ltr'>descriptio·</span> 
     </span>
     <span class='ocr_line' id='line_1_21' title="bbox 126 2716 1183 2824; baseline 0 -26"><span class='ocrx_word' id='word_1_131' title='bbox 126 2745 217 2798; x_wconf 87' lang='lat' dir='ltr'>nem</span> <span class='ocrx_word' id='word_1_132' title='bbox 234 2716 404 2796; x_wconf 73' lang='lat' dir='ltr'>Valsalra</span> <span class='ocrx_word' id='word_1_133' title='bbox 430 2721 543 2795; x_wconf 89' lang='lat' dir='ltr'>nobis</span> <span class='ocrx_word' id='word_1_134' title='bbox 560 2721 607 2795; x_wconf 85' lang='lat' dir='ltr'>ad</span> <span class='ocrx_word' id='word_1_135' title='bbox 626 2723 733 2796; x_wconf 88' lang='lat' dir='ltr'>hunc</span> <span class='ocrx_word' id='word_1_136' title='bbox 748 2722 905 2796; x_wconf 85' lang='lat' dir='ltr'>modum</span> <span class='ocrx_word' id='word_1_137' title='bbox 924 2725 1086 2823; x_wconf 85' lang='lat' dir='ltr'>reliquit.</span> <span class='ocrx_word' id='word_1_138' title='bbox 1177 2809 1183 2824; x_wconf 28' lang='grc' dir='ltr'>Ι</span> 
     </span>
    </p>

    <p class='ocr_par' dir='ltr' id='par_1_7' title="bbox 124 2837 1139 3294">
     <span class='ocr_line' id='line_1_22' title="bbox 182 2837 1139 2939; baseline 0.006 -29"><span class='ocrx_word' id='word_1_139' title='bbox 182 2865 236 2912; x_wconf 81' lang='lat' dir='ltr'>ra.</span> <span class='ocrx_word' id='word_1_140' title='bbox 255 2841 324 2912; x_wconf 84' lang='lat' dir='ltr'>Vir</span> <span class='ocrx_word' id='word_1_141' title='bbox 348 2863 470 2912; x_wconf 86' lang='lat' dir='ltr'>annos</span> <span class='ocrx_word' id='word_1_142' title='bbox 493 2840 742 2939; x_wconf 89' lang='lat' dir='ltr'>quadraginta</span> <span class='ocrx_word' id='word_1_143' title='bbox 769 2855 900 2930; x_wconf 90' lang='lat' dir='ltr'>natus,</span> <span class='ocrx_word' id='word_1_144' title='bbox 926 2839 977 2914; x_wconf 91' lang='lat' dir='ltr'>oh</span> <span class='ocrx_word' id='word_1_145' title='bbox 1006 2837 1139 2916; x_wconf 88' lang='lat' dir='ltr'>tibiam</span> 
     </span>
     <span class='ocr_line' id='line_1_23' title="bbox 126 2957 1138 3035; baseline -0.003 -1"><span class='ocrx_word' id='word_1_146' title='bbox 126 2957 388 3035; x_wconf 83' lang='lat' dir='ltr'>contundente</span> <span class='ocrx_word' id='word_1_147' title='bbox 403 2960 657 3033; x_wconf 81' lang='lat' dir='ltr'>instrumento</span> <span class='ocrx_word' id='word_1_148' title='bbox 681 2959 918 3032; x_wconf 83' lang='lat' dir='ltr'>vulneratam</span> <span class='ocrx_word' id='word_1_149' title='bbox 943 2959 984 3028; x_wconf 90' lang='lat' dir='ltr'>in</span> <span class='ocrx_word' id='word_1_150' title='bbox 1002 2959 1138 3032; x_wconf 89' lang='lat' dir='ltr'>eodem</span> 
     </span>
     <span class='ocr_line' id='line_1_24' title="bbox 124 3074 1138 3173; baseline -0.002 -23"><span class='ocrx_word' id='word_1_151' title='bbox 124 3075 194 3150; x_wconf 94' lang='lat' dir='ltr'>illo</span> <span class='ocrx_word' id='word_1_152' title='bbox 212 3077 436 3150; x_wconf 91' lang='lat' dir='ltr'>nosocomio</span> <span class='ocrx_word' id='word_1_153' title='bbox 447 3075 709 3152; x_wconf 82' lang='lat' dir='ltr'>decumbebat.</span> <span class='ocrx_word' id='word_1_154' title='bbox 736 3074 794 3152; x_wconf 91' lang='lat' dir='ltr'>Ibi</span> <span class='ocrx_word' id='word_1_155' title='bbox 809 3101 896 3154; x_wconf 86' lang='lat' dir='ltr'>cum</span> <span class='ocrx_word' id='word_1_156' title='bbox 911 3077 1050 3150; x_wconf 83' lang='lat' dir='ltr'>vulnus</span> <span class='ocrx_word' id='word_1_157' title='bbox 1057 3075 1138 3173; x_wconf 85' lang='lat' dir='ltr'>jam</span> 
     </span>
     <span class='ocr_line' id='line_1_25' title="bbox 128 3189 1139 3294; baseline -0.002 -26"><span class='ocrx_word' id='word_1_158' title='bbox 128 3196 277 3294; x_wconf 89' lang='lat' dir='ltr'>optime</span> <span class='ocrx_word' id='word_1_159' title='bbox 294 3194 505 3270; x_wconf 89' lang='lat' dir='ltr'>sehaberet</span> <span class='ocrx_word' id='word_1_160' title='bbox 516 3249 526 3284; x_wconf 94' lang='lat'>,</span> <span class='ocrx_word' id='word_1_161' title='bbox 538 3197 693 3294; x_wconf 89' lang='lat' dir='ltr'>ipseque</span> <span class='ocrx_word' id='word_1_162' title='bbox 713 3195 908 3270; x_wconf 87' lang='lat' dir='ltr'>omninoa</span> <span class='ocrx_word' id='word_1_163' title='bbox 928 3189 1025 3266; x_wconf 84' lang='lat' dir='ltr'>febri</span> <span class='ocrx_word' id='word_1_164' title='bbox 1041 3191 1139 3266; x_wconf 81' lang='lat' dir='ltr'>liber</span> 
     </span>
    </p>
   </div>
   <div class='ocr_carea' id='block_1_6' title="bbox 130 3309 1253 3412">
    <p class='ocr_par' dir='ltr' id='par_1_8' title="bbox 130 3309 1253 3412">
     <span class='ocr_line' id='line_1_26' title="bbox 130 3309 1253 3412; baseline -0.004 -21"><span class='ocrx_word' id='word_1_165' title='bbox 130 3328 251 3403; x_wconf 81' lang='lat' dir='ltr'>esset,</span> <span class='ocrx_word' id='word_1_166' title='bbox 264 3329 422 3412; x_wconf 85' lang='lat' dir='ltr'>repente</span> <span class='ocrx_word' id='word_1_167' title='bbox 441 3327 549 3386; x_wconf 89' lang='lat' dir='ltr'>acuta</span> <span class='ocrx_word' id='word_1_168' title='bbox 565 3309 662 3384; x_wconf 87' lang='lat' dir='ltr'>febri</span> <span class='ocrx_word' id='word_1_169' title='bbox 679 3312 894 3410; x_wconf 86' lang='lat' dir='ltr'>corripitur.</span> <span class='ocrx_word' id='word_1_170' title='bbox 925 3313 1002 3387; x_wconf 87' lang='lat' dir='ltr'>Hac</span> <span class='ocrx_word' id='word_1_171' title='bbox 1020 3312 1141 3410; x_wconf 87' lang='lat' dir='ltr'>magis</span> <span class='ocrx_word' id='word_1_172' title='bbox 1250 3323 1253 3330; x_wconf 88' lang='lat'>&#39;</span> 
     </span>
    </p>
   </div>
   <div class='ocr_carea' id='block_1_7' title="bbox 128 3411 1141 3746">
    <p class='ocr_par' dir='ltr' id='par_1_9' title="bbox 128 3411 1141 3746">
     <span class='ocr_line' id='line_1_27' title="bbox 128 3411 1136 3529; baseline -0.003 -25"><span class='ocrx_word' id='word_1_173' title='bbox 128 3432 326 3529; x_wconf 80' lang='lat' dir='ltr'>magisque</span> <span class='ocrx_word' id='word_1_174' title='bbox 345 3411 516 3508; x_wconf 74' lang='lat' dir='ltr'>saevien&#39;te</span> <span class='ocrx_word' id='word_1_175' title='bbox 532 3456 551 3502; x_wconf 93' lang='lat' dir='ltr'>e</span> <span class='ocrx_word' id='word_1_176' title='bbox 568 3429 697 3508; x_wconf 86' lang='lat' dir='ltr'>medio</span> <span class='ocrx_word' id='word_1_177' title='bbox 710 3429 867 3503; x_wconf 89' lang='lat' dir='ltr'>tollitur.</span> <span class='ocrx_word' id='word_1_178' title='bbox 899 3429 944 3504; x_wconf 91' lang='lat' dir='ltr'>In</span> <span class='ocrx_word' id='word_1_179' title='bbox 957 3427 1136 3502; x_wconf 80' lang='lat' dir='ltr'>cadavere</span> 
     </span>
     <span class='ocr_line' id='line_1_28' title="bbox 128 3543 1141 3646; baseline -0.007 -27"><span class='ocrx_word' id='word_1_180' title='bbox 128 3548 228 3619; x_wconf 87' lang='lat' dir='ltr'>nihil</span> <span class='ocrx_word' id='word_1_181' title='bbox 248 3573 409 3646; x_wconf 90' lang='lat' dir='ltr'>usquam</span> <span class='ocrx_word' id='word_1_182' title='bbox 429 3549 529 3637; x_wconf 84' lang='lat' dir='ltr'>vitii,</span> <span class='ocrx_word' id='word_1_183' title='bbox 548 3549 621 3620; x_wconf 88' lang='lat' dir='ltr'>nisi</span> <span class='ocrx_word' id='word_1_184' title='bbox 639 3545 744 3646; x_wconf 91' lang='lat' dir='ltr'>quod</span> <span class='ocrx_word' id='word_1_185' title='bbox 770 3547 922 3646; x_wconf 85' lang='lat' dir='ltr'>sanguis</span> <span class='ocrx_word' id='word_1_186' title='bbox 941 3543 1058 3622; x_wconf 85' lang='lat' dir='ltr'>ferme</span> <span class='ocrx_word' id='word_1_187' title='bbox 1071 3572 1141 3620; x_wconf 54' lang='lat' dir='ltr'>naa</span> 
     </span>
     <span class='ocr_line' id='line_1_29' title="bbox 128 3656 1129 3746; baseline -0.002 -8"><span class='ocrx_word' id='word_1_188' title='bbox 128 3666 290 3742; x_wconf 84' lang='lat' dir='ltr'>turalem</span> <span class='ocrx_word' id='word_1_189' title='bbox 309 3665 469 3742; x_wconf 88' lang='lat' dir='ltr'>fluorem</span> <span class='ocrx_word' id='word_1_190' title='bbox 488 3665 669 3746; x_wconf 83' lang='lat' dir='ltr'>servabat.</span> <span class='ocrx_word' id='word_1_191' title='bbox 1127 3656 1129 3664; x_wconf 62' lang='lat'><em>&#39;</em></span> 
     </span>
    </p>
   </div>
   <div class='ocr_carea' id='block_1_8' title="bbox 122 3879 1136 3911">
    <p class='ocr_par' dir='ltr' id='par_1_10' title="bbox 122 3879 1136 3911">
     <span class='ocr_line' id='line_1_30' title="bbox 122 3879 1136 3911; baseline 0.007 -5"><span class='ocrx_word' id='word_1_192' title='bbox 122 3879 1136 3911; x_wconf 48' lang='lat' dir='ltr'>mm*</span> 
     </span>
    </p>
   </div>
   <div class='ocr_carea' id='block_1_9' title="bbox 169 4024 434 4107">
    <p class='ocr_par' dir='ltr' id='par_1_11' title="bbox 169 4024 434 4107">
     <span class='ocr_line' id='line_1_31' title="bbox 169 4024 434 4107; baseline 0 -22"><span class='ocrx_word' id='word_1_193' title='bbox 169 4024 215 4107; x_wconf 81' lang='grc' dir='ltr'>(ι)</span> <span class='ocrx_word' id='word_1_194' title='bbox 237 4029 305 4086; x_wconf 76' lang='lat' dir='ltr'>tex</span> <span class='ocrx_word' id='word_1_195' title='bbox 321 4039 391 4088; x_wconf 78' lang='lat' dir='ltr'>sect.</span> <span class='ocrx_word' id='word_1_196' title='bbox 407 4034 434 4096; x_wconf 80' lang='lat' dir='ltr'>t.</span> 
     </span>
    </p>
   </div>
   <div class='ocr_carea' id='block_1_10' title="bbox 0 0 1418 4652">
    <p class='ocr_par' dir='ltr' id='par_1_12' title="bbox 0 0 1418 4652">
     <span class='ocr_line' id='line_1_32' title="bbox 0 0 1418 4652; baseline 0 0"><span class='ocrx_word' id='word_1_197' title='bbox 0 0 1418 4652; x_wconf 95' lang='lat' dir='ltr'> </span> 
     </span>
    </p>
   </div>
  </div>
 </body>
</html>
