2812 4656
100 3605 112 3689 l

305 436 374 510 270
475 431 522 480 DE
547 420 693 480 seuleus
717 427 762 476 tt
788 425 912 478 cauete
937 425 1150 478 nonnosum

304 575 369 622 rus
389 549 465 646 (ι),
482 547 639 644 aliique,
661 546 700 614 in
730 543 811 633 his,
849 543 954 640 quod
981 569 1029 616 ex
1050 541 1233 616 Boecleto
1266 543 1323 644 (a)

303 671 402 754 scio,
418 664 609 738 [anthius.
628 661 707 734 Alia
724 661 819 734 alios
833 663 923 734 vitia
939 663 979 732 in
997 661 1201 756 thytoidaea
1217 665 1325 762 glan-

302 787 389 858 dula
409 782 545 854 vidisse
572 782 691 878 leges,
717 779 920 877 plerosque
946 779 1192 852 autem-dara
1230 805 1324 853 cora
1397 817 1398 870 t

302 925 395 1004 pora
414 897 953 997 cartilaginea‚ossea‚lapidea
966 914 1322 998 ,etnonuunquam

302 1026 420 1121 ipsam
440 1040 585 1092 osseam
613 1014 771 1103 factam,
800 1031 864 1088 aut
892 1015 1194 1114 lapidescentem.
1226 1021 1324 1090 Noli

301 1163 393 1212 veno
421 1151 622 1236 propterea
645 1135 830 1230 quianon
849 1156 948 1206 unus
974 1151 1029 1208 est
1062 1138 1145 1234 qui,
1165 1153 1208 1208 nt
1241 1157 1322 1237 ego

302 1281 474 1356 qaoque,
493 1255 607 1326 hosce
632 1252 847 1339 interdum,
868 1267 932 1324 aut
960 1254 1054 1326 alios
1086 1254 1245 1327 morbos
1280 1263 1321 1329 in

302 1379 422 1448 altero
444 1373 626 1445 duntaxat
656 1372 737 1466 ejas
762 1370 868 1458 lobo,
895 1372 1044 1470 integro
1074 1373 1211 1460 altero,
1233 1380 1321 1447 ani-

301 1493 568 1577 madverterit,
605 1483 705 1576 nuli,
747 1491 904 1587 inquam
941 1493 1124 1589 suspicari
1158 1496 1318 1566 unicam

301 1611 403 1684 haud
424 1633 503 1682 esse
524 1607 622 1678 hanc
642 1605 879 1705 glandulam‚
895 1587 964 1680 ¹setl
979 1607 1095 1697 duas;·
1116 1609 1189 1682 nisi
1210 1612 1317 1684 idem

303 1729 485 1828 suspicari
503 1725 594 1799 velis
618 1726 666 1796 tle
688 1723 803 1816 liene,
826 1739 890 1798 aut
918 1725 965 1797 dc
1000 1729 1194 1822 jecinore,
1224 1751 1318 1802 cum

302 1851 416 1922 altera
434 1846 571 1916 horum
586 1866 691 1942 pars,
706 1844 805 1915 salva
824 1844 958 1931 altera,
975 1846 1112 1917 morbo
1130 1850 1315 1945 quopiam

302 1979 474 2064 correpta
495 1975 560 2035 est.
585 1959 708 2032 Multo
733 1976 858 2034 autem
885 1963 1003 2061 magis
1025 1982 1115 2035 cave
1142 1964 1211 2036 ubi
1238 1967 1316 2038 dis·
1399 1969 1400 1980 ’

302 2085 524 2184 quisiticnes
540 2079 724 2178 quasdam
750 2080 851 2179 leges
880 2097 995 2178 super
1025 2083 1204 2180 glandula
1225 2085 1315 2182 thy·

300 2205 455 2285 scidae,
475 2227 522 2272 ne
540 2197 647 2270 facile
664 2198 955 2296 pollicitationes
974 2201 1140 2272 alliciant
1165 2213 1203 2274 tc
1231 2226 1312 2300 qna

299 2323 408 2394 initio
423 2331 635 2390 occurrent.
663 2315 735 2386 Setl
752 2317 859 2412 prius
877 2329 1018 2388 attente
1031 2319 1185 2418 penlegc
1200 2320 1312 2418 quid-

301 2439 394 2536 quid
416 2438 464 2508 dc
483 2459 525 2507 ea
549 2425 725 2531 glandula
752 2455 830 2504 non
858 2434 975 2506 modo
1001 2437 1161 2533 epistola
1182 2449 1310 2508 anato-

298 2558 395 2627 mica
412 2553 542 2650 lxm),
559 2571 690 2622 verum
707 2551 819 2620 etiam
836 2552 884 2622 iis
898 2574 982 2648 quac
994 2554 1154 2649 epistola
1174 2554 1305 2626 eadem

300 2673 441 2743 indicat
457 2671 550 2742 locis
570 2671 621 2738 IV
639 2683 675 2740 et
695 2671 767 2756 VI,
787 2667 1097 2742 Adversaniorutn
1124 2675 1306 2769 sctiptum

298 2805 373 2875 est,
390 2803 427 2859 et
443 2804 534 2859 tunc
555 2787 708 2871 demum
729 2785 813 2857 illas
828 2805 982 2884 quoque
997 2788 1149 2886 perlege
1164 2791 1308 2888 Bisqui·

299 2909 459 2978 sitiones.
484 2904 669 2976 Laudabis
686 2903 860 3000 quidem,
890 2927 951 2976 tne
981 2904 1194 3002 probante,
1223 2929 1305 2979 auc·
1399 2937 1401 3010 ᾗ

296 3027 388 3098 toris
417 3024 671 3109 voluntatem,
701 3035 957 3120 conatumque
993 3024 1230 3112 illuminandi,
1264 3049 1302 3096 ac
1400 3011 1401 3024 ¹

297 3142 549 3244 promovendi
569 3141 822 3237 suspicionem
847 3140 948 3211 illam
978 3166 1102 3213 meam
1118 3143 1168 3214 de
1189 3145 1301 3242 pluri·
1399 3151 1401 3228 l

296 3263 389 3348 buc,
415 3259 480 3331 sed
501 3259 729 3330 tenuissimis
753 3258 793 3326 in
812 3258 1007 3357 laryngem
1042 3260 1299 3334 desinentibus
1399 3233 1401 3332 l

296 3379 509 3476 thynoidaeae
528 3374 712 3473 glandula¹
730 3376 956 3448 canaliculis.
985 3381 1031 3448 At
1052 3379 1167 3450 simul
1197 3396 1296 3478 opta·
1399 3391 1401 3468 1

301 3581 526 3598 ,Μ’

333 3683 378 3761 (1)
398 3685 509 3757 Opusc.
522 3677 636 3756 pathol.
654 3680 718 3736 obs.
735 3679 765 3735 6.

333 3783 377 3862 (a)
393 3784 518 3840 Dissent.
539 3781 576 3836 de
598 3776 795 3855 Thynoitloeae,
809 3781 918 3856 Thyni
941 3794 971 3838 et
989 3793 1053 3838 caat.
1078 3783 1291 3848 functionibus,

291 3897 357 3942 not.
374 3905 393 3960 9
405 3885 443 3940 ad
456 3888 471 3953 s
489 3882 535 3940 18.

333 3983 375 4064 (3)
396 3987 435 4041 N.
450 3985 488 4040 30
504 3993 533 4046 tt
546 3993 607 4054 seq.
621 3980 765 4054 usquead
778 3986 828 4046 lt.
