2854 4660
169 437 238 484 mr.
252 438 299 486 st.
320 435 513 499 nnuoruus
524 435 722 495 sumone,
740 425 808 483 etc.
822 437 935 484 nrrsr.
951 437 999 483 ut.
1028 413 1106 523 333Ι

146 573 180 646 7.
193 552 262 623 Vir
278 549 526 648 quadraginta
540 573 660 620 annos
672 565 781 636 uatus
794 573 839 619 ex
854 551 929 620 alto
945 551 1098 641 cadens,

97 668 252 738 oculum
271 667 462 740 sinistrum
481 665 699 738 contundit:
719 667 821 738 'cutis
844 682 969 739 autem
987 692 1100 767 supra
1173 712 1179 724 ·

98 785 343 882 supercilium
376 784 423 854 ab
457 799 568 856 acuto
594 781 720 856 forsan
751 783 874 882 lapide
903 785 1101 858 laceratur.

97 903 288 999 Principio
316 897 420 973 febre
438 903 660 1000 corripitur:
680 925 763 999 quae
777 902 954 973 nonnihil
972 919 1103 1001 postea
1169 918 1178 924 “

98 1020 255 1090 remissa
278 1033 343 1091 est.
370 1023 417 1090 At
446 1021 545 1090 circa
571 1018 840 1090 duodecimum
862 1020 983 1109 diem,
1017 1037 1104 1119 post

95 1135 304 1207 admissum
340 1159 508 1208 errorem
544 1137 584 1206 in
617 1150 745 1208 exacta
772 1137 921 1209 vivendi
951 1165 1101 1228 norma,

98 1251 362 1326 vehementior
389 1251 503 1326 febris
527 1253 768 1352 supervenit:
793 1255 853 1325 cui
877 1258 976 1327 circa
1006 1256 1102 1328 deci-

100 1395 208 1442 mum
231 1385 408 1468 quartum
431 1371 627 1443 convuisio
647 1369 790 1442 accedit
809 1373 925 1444 totius
946 1373 1102 1446 sinistrae

100 1485 208 1559 faciei
224 1491 339 1585 partis
356 1512 441 1560 cum
455 1512 550 1558 saevo
565 1489 603 1558 in
618 1489 700 1587 ipso
713 1489 815 1560 oculi
825 1489 944 1562 bulbo
958 1489 1100 1564 dolore.

99 1609 205 1677 Mors
222 1603 375 1676 taudem
389 1607 487 1675 circa
498 1607 721 1702 vigesimum
738 1622 863 1678 secuta
877 1624 941 1679 est.

151 1723 280 1821 Capite
299 1721 757 1821 perlustrato,conspecta
775 1723 854 1795 haec
872 1740 967 1796 sunt.
987 1711 1109 1798 Lacess

100 1853 189 1912 ratae
221 1863 334 1938 supra
353 1841 601 1938 supercilium
629 1842 707 1912 cuti
734 1842 766 1912 is
792 1841 941 1912 suberat
968 1869 1104 1917 nervus

102 1959 237 2056 quiex
270 1957 392 2050 orbita
416 1981 635 2056 erumpens,
661 1981 809 2029 sursum
844 1983 912 2056 per
940 1957 1103 2031 frontem

100 2073 328 2164 reflectitur,
340 2090 382 2146 ut
398 2091 462 2146 aut
472 2091 669 2163 contusus,
680 2088 750 2146 eut
758 2074 826 2145 alia
843 2077 988 2146 ratione
999 2075 1105 2149 facile

102 2192 265 2264 violatus
282 2193 568 2265 convulsionem
591 2195 691 2265 ciere
715 2193 891 2290 potuerit.
916 2193 1024 2263 Oculi
1042 2219 1107 2266 aue

102 2325 183 2382 tem
202 2309 341 2382 bulbus
356 2311 491 2381 extima
511 2325 617 2408 parte
633 2325 872 2408 putrescens,
889 2309 1008 2382 levem
1028 2336 1108 2382 ero·

104 2429 253 2500 sionem
273 2427 447 2499 attulerat
466 2428 540 2500 ossi
569 2427 672 2524 quod
710 2425 839 2498 orbitae
878 2441 916 2498 et
949 2429 1107 2500 cerebro

100 2545 353 2640 interjicitur,
370 2547 422 2616 sic
439 2559 581 2632 tamen,
598 2560 641 2616 ut
674 2543 747 2616 hoc
776 2569 821 2616 eo
842 2544 996 2642 quidem
1022 2547 1107 2619 loco

105 2687 238 2736 sanum
254 2677 360 2734 esset.
380 2666 475 2734 Nam
492 2663 680 2733 sinistram
701 2685 827 2733 versus
844 2664 1014 2760 occipitis
1027 2689 1108 2763 par-

106 2797 206 2867 tem,
231 2778 379 2850 modica
405 2778 551 2851 cerebri
569 2780 696 2877 portio
723 2805 743 2850 a
771 2781 898 2850 nativo
919 2781 1045 2853 colore
1060 2783 1108 2854 ad

105 2893 326 2970 subfuscum
335 2895 522 2993 vergebat.
541 2899 644 2968 Dura
664 2911 790 2968 autem
806 2899 960 2967 meninx
978 2901 1011 2968 ei
1023 2924 1108 2996 por-

104 3005 203 3086 tioni
214 3013 461 3112 respondens,
472 3015 634 3086 exterius
647 3016 748 3086 sanie
757 3013 931 3084 madebat
940 3013 1081 3086 leviter.

159 3130 191 3202 8.
210 3132 457 3228 Quanquam,
471 3132 511 3200 in
529 3154 615 3202 casu
629 3131 677 3202 ab
692 3109 1111 3228 alt0,praeterea1ffi1uae

108 3245 307 3320 manifesto
320 3264 477 3321 contusa
496 3262 569 3336 est,
591 3263 736 3346 partem
760 3272 839 3318 non
865 3271 951 3318 raro
978 3248 1113 3321 accidit

108 3365 248 3442 utalia
268 3389 423 3462 quoque
456 3364 581 3436 minus
613 3363 806 3436 evidenter
839 3363 1113 3456 contundatur,

110 3505 235 3579 eoque
261 3483 387 3553 minus
411 3481 627 3554 mirandum
657 3496 733 3570 est,
764 3482 841 3552 imo
865 3505 946 3552 osse
979 3479 1114 3556 frontis

109 3598 237 3688 alliso,
266 3623 403 3671 noxam
427 3615 464 3672 et
489 3600 631 3671 saniem
664 3600 766 3671 intus
800 3598 847 3670 ad
880 3601 1032 3698 occiput
1054 3626 1114 3672 re·

55 3807 65 3816 „
111 3729 238 3813 pertas
258 3739 360 3812 esse3
379 3731 505 3788 tamen
523 3713 951 3814 injuvenequoque(1)
972 3716 1117 3788 asinis·

152 3971 197 4050 (1)
217 3974 256 4030 n.
279 3971 306 4030 c.
