2872 4660
118 372 126 477 t

159 481 230 528 nra.
257 481 315 526 111.
343 481 390 528 oa
415 479 552 528 nonnis
572 481 741 544 vaurms,
767 482 877 529 arrsr.
905 484 1032 530 xrvnr.
1072 459 1119 547 43

105 599 199 670 Tota
216 595 375 668 interior
387 618 520 668 eorum
542 591 654 668 facies
670 594 716 666 ad
733 610 872 668 tactum
891 612 1040 685 tenera,
1057 622 1118 668 ru·

105 711 235 788 bebat.
263 713 335 788 sed
359 714 404 786 iis
422 713 515 786 locis
534 713 600 786 ubi
615 717 780 787 exterius
794 716 960 811 majores
976 715 1119 786 caeteris

106 830 403 932 protuberantiae
439 847 711 930 apparuerant,
739 833 879 904 humor
903 831 1120 905 contineba-

106 965 352 1038 turcrossus,
372 975 573 1040 mucosus,
590 977 635 1024 ex
649 951 759 1024 viridi
772 953 898 1042 albus,
915 968 957 1024 ut
973 975 1044 1051 pus
1056 977 1117 1024 re-

107 1065 243 1157 ferret,
270 1069 477 1154 inodorus,
496 1069 645 1144 nullum
677 1067 788 1142 foetus
806 1070 1120 1143 inchoamentum

108 1186 323 1266 ostendens
340 1192 449 1261 Hunc
467 1202 592 1260 autem
618 1186 818 1262 humorem
840 1186 1119 1288 complecteba-

106 1305 485 1404 turmollisquaedam
505 1299 725 1406 rubensque
745 1307 972 1397 substantia,
992 1309 1118 1404 inqua
1205 1348 1207 1352 .

106 1423 282 1500 vesicula
301 1448 340 1498 so
356 1423 569 1524 prodebant
580 1450 677 1524 aqua
692 1427 830 1526 plenae,
841 1427 921 1498 alim
938 1427 1008 1498 alia
1020 1445 1121 1522 mag·

104 1541 296 1630 etudine,
313 1543 379 1616 sed
390 1569 512 1642 parvae
521 1569 670 1632 omnes,
690 1569 762 1618 nec
779 1545 959 1644 plurimae.

159 1660 215 1740 16·
238 1665 343 1734 Inter
357 1663 523 1760 reliquas
536 1661 633 1736 falsae
648 1665 878 1762 granditatis
898 1687 1028 1736 causas
1044 1683 1123 1732 me·

103 1779 179 1854 tito
197 1780 238 1854 in
258 1779 507 1879 Sepulcbreto
521 1797 608 1880 post
619 1782 739 1856 molas
756 1781 1016 1872 referri-video
1024 1780 1121 1852 alios

105 1917 187 1972 non
197 1898 315 1971 modo
326 1902 425 1972 uteri
435 1954 445 1989 ‚
455 1899 522 1974 sed
531 1917 568 1973 et
577 1901 828 2000 quarumdam
843 1917 1023 2002 praeterea
1034 1922 1122 1971 ren·

103 2019 173 2094 tris
188 2019 354 2117 partium
371 2033 549 2092 tumores.
563 2021 668 2092 Uteri
680 2020 836 2118 quidem
854 2022 929 2092 sive
943 2019 990 2092 ab
1003 2021 1121 2089 inter-

104 2137 166 2210 nis
179 2136 275 2224 sint,
289 2137 499 2214 exseruisse
514 2138 795 2226 excrescentiis‚
809 2139 885 2212 sive
893 2137 943 2208 ab
953 2134 1122 2207 humori*

107 2251 482 2352 businejusvisccris
493 2254 1118 2353 parietibusautejusetiamcavea

104 2371 380 2464 restitantibus,
392 2373 598 2448 intercluso
609 2397 678 2473 per
696 2373 983 2446 osculum‘exitu
1000 2391 1122 2470 aqua-

105 2515 276 2589 cumque
305 2516 417 2564 causa
434 2493 475 2564 id
503 2493 563 2564 vel
587 2494 902 2592 constringente,
941 2490 1001 2562 vei
1030 2489 1120 2564 obs-

102 2623 270 2686 buente.
285 2609 549 2702 Quorumdam
571 2626 697 2684 autem
724 2607 885 2682 aliorum
912 2611 1119 2694 viscerum,

103 2729 143 2802 in
163 2729 376 2826 primisque
394 2731 633 2816 mesenterii,
653 2729 700 2801 de
731 2727 871 2826 quibus
894 2724 971 2800 fere
998 2727 1121 2798 omni-

101 2845 179 2922 bus
192 2846 310 2924 rebus
329 2873 416 2919 cum
443 2848 534 2919 alias
563 2873 583 2918 a
612 2871 672 2918 me
697 2848 826 2946 plura,
856 2861 919 2918 aut
942 2827 1120 2946 pauciora

103 2965 248 3062 scripta
268 2966 364 3055 sint,
383 2965 446 3040 bic
474 2990 516 3038 ca
531 2981 701 3062 repetere
722 2989 806 3036 non
826 2979 988 3062 oportet.
1020 2961 1119 3034 Illud

102 3105 198 3155 vero
216 3083 345 3182 potius
374 3083 589 3182 expediam,
625 3081 730 3182 quod
757 3108 807 3156 ex·
832 3105 892 3154 me
920 3081 1118 3182 quaesitum

105 3223 187 3272 esse
205 3225 227 3272 a
243 3215 281 3274 te
300 3203 476 3291 memini,
502 3201 675 3300 qua-ndo,
695 3215 732 3272 et
755 3198 957 3298 'quomodo
981 3197 1033 3270 ob
1060 3221 1120 3268 re·

105 3342 197 3390 nem
224 3343 346 3392 unum
370 3320 552 3394 duntaxat
578 3341 600 3388 a
623 3318 842 3417 primordiis
866 3330 1036 3388 creatum
1066 3314 1119 3386 sic

106 3436 324 3534 promineat
340 3453 493 3525 venter,
519 3451 561 3508 ut
588 3435 648 3508 vel
670 3436 902 3508 anatomicos
919 3435 1040 3532 possit
1056 3423 1121 3504 de·

107 3554 321 3652 cipi,etpr0
334 3556 432 3626 uteri
442 3556 647 3652 gestatione
659 3551 899 3654 accipere?id
908 3553 1009 3624 enim
1021 3553 1121 3623 inter

108 3686 396 3743 caeterascausas
403 3671 668 3768 grovz‘ditatem
682 3676 918 3742 ementientes
933 3671 973 3740 in
984 3667 1055 3740 bac
1065 3673 1123 3740 Se÷

107 3788 478 3887 pulchretisectionc
493 3786 668 3885 (afuisse
678 3789 919 3887 propositum
932 3787 1021 3860 scio.
1044 3789 1122 3858 Etsi

148 4045 194 4125 (r)
214 4047 377 4105 XXXVII.
400 4047 477 4103 Vide
490 4046 612 4130 titulum
625 4043 844 4106 observationis
859 4043 897 4116 3,
918 4039 1073 4118 praefixum
1083 4041 1123 4098 ad
1221 4065 1225 4074 ·

109 4165 141 4204 n.
154 4145 192 4220 6,
210 4147 264 4225 qui
276 4165 335 4225 pro
352 4166 382 4206 n.
399 4167 415 4220 7
428 4147 502 4206 ibid.
516 4147 669 4226 pronitur.
