2812 4656
172 465 243 510 mn.
258 463 306 512 ιν.
328 463 374 511 nn
391 460 528 512 meatus
546 460 744 520 cummim,
758 451 829 508 etc.
849 461 960 535 mum.
977 463 1009 508 L.
1039 463 1111 538 279

98 557 414 674 minoribusque,
433 576 542 648 nullo
561 590 667 650 certo
689 574 824 646 ordine
847 575 1054 674 dispositis,
1071 593 1114 657 ut

97 699 135 766 in
149 693 328 768 diffracto
339 696 528 792 conspexi.
549 753 552 758 .
566 697 670 766 Inter
686 690 804 776 frusta
817 709 897 768 erat
918 695 1114 790 interjecta

99 813 309 889 substantia
326 812 434 909 quasi
454 811 659 910 ligamento
670 809 810 883 similis.
829 815 914 884 Haee
929 813 1112 884 exsiccata

99 927 328 1029 nigricabat:
356 951 461 1002 ossea
480 941 606 1002 autem
624 924 744 1001 frusta
760 926 974 1004 albedinem
992 944 1113 1013 osten·

101 1048 245 1120 debant
261 1071 378 1120 suam.
394 1049 525 1144 Itaque
539 1069 702 1132 mamma
712 1061 838 1119 sanata
853 1061 908 1122 est
920 1073 928 1119 ε
941 1063 978 1119 et
986 1072 1116 1144 quam·

101 1167 154 1238 vis
175 1166 406 1238 exulceratio
422 1163 599 1252 redierit,
618 1169 697 1240 nou
709 1181 753 1236 ex
768 1183 810 1236 ea·
819 1165 945 1264 virge,
962 1165 1027 1240 sed
1040 1166 1114 1238 alio
1150 1238 1152 1241 ,

103 1311 145 1358 ex
160 1284 322 1372 morbo,
348 1281 470 1354 tribus
491 1282 539 1357 ab
558 1282 656 1373 illius
674 1285 770 1363 ossei
790 1285 961 1381 corporis
978 1298 1116 1360 extrac-

102 1403 203 1475 tione
219 1406 331 1474 annis
352 1402 489 1475 exactis
504 1399 673 1474 decessit.

150 1527 209 1609 lio.
229 1520 275 1594 Id
303 1543 444 1618 corpus
469 1519 599 1591 censui
626 1518 670 1592 ex
690 1519 827 1602 tunicis
856 1519 1115 1610 vasculorum,

105 1664 183 1737 quae
194 1662 368 1712 mammae
379 1651 442 1710 aut
454 1636 573 1724 lactis,
588 1649 652 1709 aut
666 1635 860 1734 sanguinis
878 1637 996 1735 gratia
1011 1639 1118 1711 altri·-
1140 1709 1144 1714 .
1238 1635 1240 1645 ’

105 1755 193 1832 buta
209 1770 318 1842 sunt,
354 1780 400 1833 ex
418 1753 545 1826 aliisve
566 1751 818 1842 membranis,
851 1757 966 1828 osseis
989 1752 1116 1844 factis,

107 1875 290 1972 originem
307 1871 495 1948 habuisse.
527 1870 636 1944 Unde
657 1867 827 1948 fortasse.
840 1872 998 1947 alterum
1019 1897 1115 1970 quo·
1175 1882 1178 1887 ’

99 2016 178 2088 ¹que
197 1991 332 2068 habuit
351 1989 456 2088 quod
475 1970 781 2064 adolescentulus
805 1989 844 2060 in
865 1989 995 2062 eadem
1021 2015 1115 2065 cane

109 2111 250 2206 reperi,
268 2109 308 2180 in
333 2109 440 2205 cujus
464 2121 630 2203 utroque
657 2131 767 2195 rene,
788 2121 831 2178 ut
858 2107 990 2204 scripsi
1010 2087 1112 2183 ιιᾶῑε

43 2271 48 2282 ·
109 2225 193 2300 alias
211 2226 289 2324 (1),
307 2201 471 2300 calculos
494 2223 647 2296 offendi.
674 2224 849 2300 Alienum
876 2239 1002 2298 autem
1033 2250 1113 2299 non

111 2344 176 2420 erit
199 2344 398 2422 observata
427 2345 467 2429 in
495 2343 625 2422 bestiis
658 2367 815 2442 quoque
848 2341 925 2416 huc
956 2341 1113 2430 afferre,

111 2463 270 2558 quando,
290 2465 331 2534 in
361 2463 469 2536 istam
495 2463 614 2560 ipsam
641 2459 878 2558 Sepulchreti
909 2463 1114 2538 sectionem

110 2580 141 2648 II
156 2579 229 2677 (a),
245 2597 415 2656 tumores
431 2605 476 2658 ex
491 2580 635 2668 vitulo,
655 2593 692 2652 et
709 2603 800 2652 cane
815 2578 923 2652 relati
940 2594 1038 2652 sunt.
1081 2661 1084 2664 ,
1182 2576 1185 2581 ’

156 2700 213 2790 [[3.
231 2700 421 2774 Caniuna
438 2699 536 2770 inter
554 2712 704 2771 caeteras
724 2722 886 2771 mamma
903 2699 1015 2796 paulo
1036 2724 1113 2770 ma·

114 2815 165 2910 gis
180 2842 295 2913 quam
314 2841 464 2914 aequum
478 2831 595 2904 esset,
625 2814 804 2893 tumebat.
822 2817 993 2890 Occisum
1008 2841 1113 2890 exer-

115 2934 296 3010 citationis
314 2959 423 3007 causa
438 2957 526 3009 eum
539 2934 781 3023 dissecarem;
798 2933 960 3031 subipsa
977 2935 1115 3032 papilla

115 3052 302 3126 modicum
330 3052 565 3152 deprehendi
588 3076 727 3150 corpus
753 3050 1054 3141 subrotundum,
1079 3067 1116 3127 et

116 3166 315 3268 inaequale,
340 3196 386 3250 ex
414 3169 648 3269 corpusculis
672 3168 847 3268 pluribus
876 3183 1115 3266 coagmenta-

109 3296 211 3387 tum,
229 3288 365 3362 duritie
383 3304 509 3362 autem
533 3289 733 3387 plusquam
767 3287 1017 3384 cartilaginea.
1043 3288 1116 3360 Sed.

119 3399 237 3500 digitis
255 3405 361 3482 facile
381 3407 537 3482 cedebat
563 3407 718 3488 materia
747 3405 917 3503 quaedam
952 3432 996 3478 ex
1016 3405 1115 3481 flavo

118 3515 311 3614 livescens,
330 3551 405 3624 qua
422 3527 533 3624 plena
549 3539 655 3604 erant
672 3523 869 3600 tubercula
885 3525 986 3614 duo,
1006 3525 1116 3601 lentis

119 3629 324 3738 majuscnlae
345 3642 465 3715 forma
498 3659 535 3714 et
555 3641 836 3741 magnitudine,
858 3644 956 3714 intra
976 3644 1118 3714 ventri--

121 3815 294 3837 *Q—

160 3920 201 4000 (1)
220 3928 313 4002 Epist.
324 3932 377 4000 la,
391 3949 423 3984 n.
442 3949 489 4002 17.

162 4017 201 4098 (²)
221 4028 254 4084 L·
269 4036 302 4100 l,
317 4029 382 4085 obs.
397 4036 430 4102 4,
444 4033 459 4100 S
472 4030 506 4103 3,
522 4040 551 4086 et
563 4029 594 4086 in
606 4029 699 4088 addit.
711 4030 776 4086 obs.
790 4047 840 4086 ιι.
926 4069 929 4078 .
