2928 4664
213 503 342 554 matt.
361 501 408 548 na
421 497 558 548 uotiuis
573 495 767 558 emanas„
783 483 852 544 etc.
871 495 982 543 sassa.
995 496 1082 572 mv.⁴
1098 469 1170 572 567

163 641 256 722 pore
271 628 460 716 spectato,
478 610 741 683 validissimam
753 608 951 683 iuissevim
970 628 1168 710 appareat,

165 737 311 810 tametsi
331 736 368 806 in
391 741 526 804 neutra
553 730 737 815 sciamus,
765 753 848 827 quaa
878 728 1171 828 diaphragmatis

165 879 252 955 pars
270 853 431 926 sauciata
448 851 512 936 sit,
531 871 657 948 neque
676 846 793 918 inilia
810 846 1019 920 Bartholini
1033 871 1171 947 angus-

165 989 268 1062 tum,
293 997 342 1044 an
357 971 474 1042 latum
492 964 604 1040 fuerit
629 965 788 1054 vulnus;
810 966 1017 1064 nec,quod
1042 991 1170 1040 conse·

166 1094 311 1191 quitur,
330 1101 472 1186 quanta
484 1082 596 1158 fuerit
611 1083 651 1154 iu
662 1082 945 1181 diaphragmate
961 1086 1172 1157 resistentia

165 1235 186 1280 a
206 1205 522 1280 contrudentitus
534 1201 676 1274 viribus
697 1200 919 1298 superanda.
939 1201 1010 1274 Sed
1031 1201 1108 1273 haec
1129 1203 1169 1274 in

167 1325 349 1398 Schuberi
368 1323 428 1422 (ι)
446 1347 533 1395 casu
554 1320 709 1395 minime
736 1317 1015 1408 desideramus,
1039 1322 1106 1420 qui
1125 1345 1171 1394 eo

165 1443 367 1516 violentior
380 1440 468 1531 fuit,
479 1438 584 1540 quod
598 1439 677 1511 sine
689 1437 768 1512 uilo
780 1427 937 1528 uuidere
955 1439 1172 1537 gravissima

165 1559 638 1658 cardialgia,creberrimis
659 1556 890 1629 incredibilis
913 1558 1031 1657 copiae
1054 1557 1172 1656 nigri·

166 1681 286 1755 cantis
306 1679 471 1750 materiae
488 1676 714 1756 vomitibus,
744 1674 1003 1773 veniendique
1029 1676 1174 1748 conati·

138 1883 141 1888 ¹
165 1798 240 1870 bus
253 1796 422 1868 diluculo
439 1795 549 1879 ortis,
568 1794 739 1890 proxima
762 1806 873 1862 nocta
900 1790 1092 1867 confectus
1114 1793 1175 1888 ju·

166 1915 288 2002 venis,
307 1915 405 1984 intra
423 1910 618 1982 thoracem
640 1907 805 1980 ostendit
824 1931 912 1979 cum
934 1923 1110 1999 omenta,
1134 1927 1173 1981 et

166 2030 348 2104 intestino
365 2026 564 2114 duodeno,
586 2027 741 2124 jejun0;
762 2041 799 2098 et
816 2015 879 2097 iiei
903 2041 1013 2124 ‘parte
1032 2027 1173 2098 ventri-

169 2148 320 2236 culum,
340 2171 383 2218 ea
397 2142 813 2242 materia,·ssatibusque
835 2145 929 2216 adeo
950 2145 1174 2234 distentum,

169 2281 212 2338 ut
240 2289 307 2338 cor
338 2281 374 2336 et
400 2265 601 2363 pulmones
626 2276 727 2336 arete
759 2265 1046 2361 comprimeret,
1084 2263 1173 2336 illuc

166 2383 373 2456 admissum
393 2381 571 2482 peridem
590 2405 667 2479 quo
686 2380 772 2478 gula
783 2382 988 2471 emittitur,
1003 2379 1174 2456 fiirameu
1286 2380 1290 2388 ’

166 2507 335 2574 maxim
353 2499 557 2572 dilatatam
579 2515 617 2572 et
633 2493 800 2573 utorium.
822 2497 955 2592 Quod,
979 2502 1010 2571 si
1040 2525 1173 2573 eorum

169 2645 317 2692 memor
335 2643 375 2692 es
389 2644 473 2718 quae
485 2642 598 2717 supra
613 2618 669 2716 (a)
683 2641 770 2689 cum
786 2618 935 2706 Littrio,
952 2631 990 2690 et
1005 2623 1176 2690 Fautono

169 2725 380 2833 attigimus,
400 2736 483 2807 fieri
501 2737 668 2834 potuisse
692 2759 770 2806 nun
790 2733 988 2808 dubitabis.
1019 2739 1175 2808 [averso

166 2854 272 2922 enim
294 2875 361 2948 per
377 2853 568 2925 evidentes
588 2853 854 2925 convulsiones
874 2852 1054 2926 fibrarum
1076 2877 1175 2926 oeso·

172 2968 285 3068 phagi
301 2969 499 3038 ventriculi
519 2984 556 3040 et
575 2971 839 3042 intestinorum
860 2985 989 3058 motu,
1009 2969 1176 3067 proclive
1244 2963 1246 2968 ’

173 3101 229 3160 est
244 3084 474 3182 intelligere,
489 3086 741 3157 ventriculum
761 3085 871 3158 simul
896 3084 943 3156 ab
968 3086 1174 3184 oesupiiago

170 3227 325 3278 ⁴sttrsum
356 3216 527 3300 raptum,
551 3201 661 3274 simul
696 3200 772 3298 (3)
798 3199 846 3272 ab
870 3201 1043 3272 nondum
1069 3203 1176 3274 vaide

172 3319 372 3394 infirmatis
399 3318 692 3418 diaphragmatis
712 3320 856 3390 carneis
881 3316 1061 3406 fascibus,
1082 3317 1177 3392 sora-

175 3465 263 3511 men
283 3438 375 3512 illud
395 3435 923 3538 intercipientibus,repressa
941 3434 1116 3510 deorsum
1133 3463 1177 3509 ex

176 3571 285 3656 rapto
317 3557 528 3629 ventriculo
558 3556 734 3643 materia,
759 3555 910 3627 inanem
935 3551 1037 3626 hunc
1066 3552 1177 3628 fuisso

218 3857 262 3938 (a)
282 3857 361 3934 Eph.
372 3857 412 3913 tt.
424 3857 457 3914 C.
471 3869 549 3916 cent.
564 3857 581 3918 3
595 3869 624 3917 et
640 3863 673 3931 4,
686 3857 824 3936 append.
837 3878 868 3916 n.
884 3876 933 3936 12,
948 3877 975 3918 c·
993 3877 1020 3917 1.

218 3957 264 4040 (a)
285 3959 324 4014 N.
349 3973 394 4013 η.

220 4058 264 4138 (a)
286 4055 459 4129 c.2,s1s.
497 4081 499 4086 ·
