2784 5088
177 413 245 462 nm.
259 412 309 462 ιν.
325 413 372 460 rm
386 408 524 462 tronus
537 409 733 473 chranno,
753 400 822 458 etc.
839 369 950 460 irrisa.
966 413 1028 458 nn.
1056 391 1128 477 463

126 552 169 620 in
185 545 344 622 testibus
366 568 445 614 non
466 543 641 632 deerant,
664 567 747 614 sero
776 543 915 640 plenae,
941 568 1028 614 cum
1050 565 1135 643 post

130 659 350 739 coctionem
370 663 665 749 dissecarentur,
695 660 791 730 nihil
810 660 1019 758 quidquam
1042 665 1133 735 mihi

130 781 380 856 ostenderunt
409 781 578 852 concreti
599 779 788 864 humoris,
815 774 879 849 sed
909 781 1007 850 intra
1039 805 1138 854 cras

129 899 331 974 siusculam
355 899 522 969 tunicam
549 899 706 968 omniuo
725 919 886 966 vacuum
906 899 1040 968 sinum.
1070 905 1139 972 Ve-

129 1043 216 1090 rum
241 1017 319 1088 haec
342 1031 472 1112 postea
497 1015 625 1084 omnia
653 1029 855 1110 conspecta
884 1029 982 1085 sunt.
1016 1021 1138 1114 Caput

130 1161 224 1208 voro
239 1189 248 1221 ,
265 1136 341 1230 jam
362 1128 471 1204 antea
487 1145 723 1229 persectum,
747 1130 948 1201 vulnerum
966 1136 1138 1206 omnium

132 1256 325 1325 cinereum
337 1248 555 1345 foedumque
566 1249 733 1320 colorem
745 1247 983 1320 ostenderat:
1000 1267 1037 1323 et
1046 1253 1139 1324 dum

129 1373 213 1468 ejus
233 1367 525 1440 detraherentur
545 1367 824 1462 integumenta,
848 1362 938 1435 foedi
954 1369 1017 1438 alii
1036 1372 1141 1442 colo-

133 1512 210 1575 res,
235 1502 272 1558 et
293 1487 391 1555 inter
408 1481 478 1554 hos
499 1484 625 1581 niger,
646 1497 908 1580 apparuerant.
940 1487 1141 1558 Detectum

130 1606 305 1676 cranium
327 1600 584 1672 lambdoidem
611 1616 779 1672 suturam
799 1598 933 1672 habuit
963 1602 1140 1694 laxatam3

127 1721 179 1793 ud
196 1732 281 1794 eum
294 1735 417 1791 autem
440 1719 566 1790 locum
583 1702 711 1814 inquo
733 1741 833 1814 pone
849 1743 980 1790 aurem
997 1725 1133 1795 vulnus

130 1839 390 1938 gravissimum
408 1833 520 1906 fuisse
543 1834 705 1928 diximus
719 1859 893 1933 magnam
911 1835 1017 1908 fracti
1047 1843 1139 1911 ossis
1215 1863 1221 1874 ·

129 1972 278 2055 partem
290 2010 299 2041 ,
311 1953 359 2026 ab
375 1953 531 2050 reliquis
544 1951 639 2022 adeo
657 1953 883 2048 sejunctam,
900 1970 942 2026 ut
956 1956 1062 2026 nullo
1076 1983 1139 2027 ne·

131 2076 236 2174 gotio
250 2073 381 2144 leviter
400 2071 614 2142 trahentem
635 2084 761 2178 secuta
786 2072 842 2142 sit.
869 2075 1141 2174 circumsecta,
1235 2119 1238 2126 -

130 2208 170 2266 et
205 2195 306 2261 intus
324 2205 503 2285 extraque
522 2189 690 2284 inspecta
715 2188 873 2258 calvaria
899 2187 1051 2263 fissuras
1081 2215 1141 2264 os·

131 2309 253 2382 tendit
281 2307 393 2394 duas,
431 2321 631 2402 utramque
668 2305 836 2377 tabulam
872 2309 1139 2404 pervadentes,

131 2443 295 2524 quarum
324 2395 541 2521 longissima
569 2422 616 2493 ab
649 2448 694 2493 eo
719 2424 923 2521 incipiebat
955 2425 1042 2496 ioco
1073 2427 1140 2498 ubi

37 2619 39 2626 ,
131 2565 267 2642 magna
291 2543 355 2614 illa
384 2539 546 2612 fractura
574 2538 656 2612 fuit.
696 2543 764 2611 Cui
789 2541 875 2612 loco
905 2544 1141 2641 respondens

37 2655 39 2748 s
130 2659 288 2732 inferior
313 2685 397 2757 pars
417 2659 559 2730 sinistri
588 2656 734 2729 cerebri
755 2656 1009 2757 hemisphaerii
1035 2676 1140 2734 tanto

131 2781 253 2877 spatio
273 2792 449 2874 corrupta
475 2789 575 2862 erat,
605 2791 789 2872 quantum
812 2795 1032 2875 occupasset
1057 2802 1142 2878 par·

129 2919 223 2967 vum
253 2917 421 2992 pomum.
451 2896 707 2964 emensam
735 2893 1076 2990 deprehendimus,
1112 2900 1142 2968 si

37 3097 38 3102 η
132 3015 269 3086 duram
299 3008 565 3086 tantummodo
590 3011 809 3107 meningem
838 3013 1027 3108 excipias,
1060 3038 1143 3111 quaa

36 3131 39 3223 j
133 3133 256 3204 levem
275 3127 479 3226 quamdam
498 3126 606 3226 quasi
623 3124 878 3222 ecehymosim
887 3126 1050 3200 habebat
1069 3155 1143 3226 qua

37 3335 39 3344 Α
132 3249 299 3346 longiori
316 3245 370 3316 illi
392 3243 532 3318 fissurae
553 3241 721 3339 subjecta
734 3239 867 3314 iuerat.

37 3369 38 3376 ’
188 3389 246 3462 ²9·
264 3367 400 3434 Praeter
417 3361 535 3448 hanc,
556 3361 722 3458 aliasque
737 3359 915 3447 fortasse,
934 3362 1037 3434 iliam
1055 3391 1145 3463 quo·

133 3507 210 3582 que
232 3483 272 3551 in
292 3478 427 3552 eodem
448 3480 669 3550 nosocomio
695 3479 902 3550 sectionem
927 3479 1042 3552 habui
1068 3481 1145 3552 huc

132 3601 358 3674 attinentem
383 3621 466 3693 quae
481 3596 559 3692 jam
579 3596 667 3667 satis
683 3597 723 3666 in
742 3597 909 3695 epistolis
924 3598 1145 3671 anatomicis

133 3719 324 3816 descripta
342 3729 397 3788 est
411 3713 475 3811 (r).
495 3718 550 3784 Ex
560 3739 636 3812 qua
650 3737 737 3786 cum
755 3715 825 3786 alia
840 3739 922 3813 quae
936 3716 1019 3803 his,
1039 3733 1075 3789 et
1089 3741 1145 3790 su·

141 3871 1148 3902 mum

176 3955 222 4036 (r)
242 3953 332 4025 xm,
345 3971 378 4010 n.
394 3950 442 4010 16.
