2816 5282
117 419 184 465 un.
203 418 252 465 ru.
268 418 314 466 nn
326 415 462 464 uonnrs
474 413 671 478 cernone„
685 405 754 462 etc.
767 414 879 462 nnrsr.
892 414 970 462 nm.
998 389 1069 464 525

69 530 315 616 concidenda,
332 545 375 602 ut
393 531 433 600 in
453 554 498 600 eo
519 553 634 626 quem
656 528 795 625 Billyus
816 527 894 626 (ι),
916 553 1070 625 grumos

69 653 257 744 sanguinis
269 652 433 719 concreti
450 647 588 718 uulnus
603 645 726 720 cordis
740 646 939 718 obturans:
957 661 1021 718 aut
1040 648 1072 718 si

70 763 196 836 nullus
222 762 320 836 obex
338 765 404 852 sit,
428 764 508 861 ipsa
527 763 633 835 cordi
657 765 696 834 in
721 788 760 834 se
789 762 1072 852 contrahendo,

70 894 121 968 et,
140 882 244 978 quod
273 883 536 978 consequitur,
563 881 601 954 in
635 881 816 979 sanguine
839 905 908 978 per
935 881 1078 960 vulnus,

69 997 305 1072 extrudendo
320 1023 466 1072 summa
488 997 699 1088 infirmitas,
725 998 830 1096 quod
861 999 901 1068 in
927 1023 1071 1070 memo·

67 1116 157 1187 ratis
169 1117 326 1187 Fantoni
343 1099 510 1188 historiis
535 1115 805 1186 crebraeanimi
824 1113 1078 1205 defectiones,

68 1248 132 1304 aut
146 1235 337 1331 sauguinis
355 1232 540 1305 effluentis
561 1235 670 1331 copia
687 1215 865 1304 indicant.
885 1235 987 1324 Quas
999 1230 1073 1304 for·

68 1364 163 1422 tasse
180 1349 230 1422 ob
246 1375 391 1438 causas,
411 1375 456 1422 ex
479 1366 585 1448 parte
613 1351 761 1438 saltem,
786 1375 866 1422 non
885 1365 971 1422 ante
990 1375 1071 1424 sex-

67 1482 149 1538 tum
163 1469 306 1550 interiit
327 1468 427 1540 diem
446 1469 477 1540 is
491 1467 726 1556 adolescens,
745 1470 851 1565 cujus
870 1469 1070 1542 dexterum

61 1585 194 1658 ¹cordis
222 1586 475 1658 ventriculum
503 1587 731 1658 sauciaverat
750 1584 889 1672 culter,
916 1587 1072 1660 vulnere
1105 1567 1107 1576 ,

67 1726 134 1774 sex
150 1702 269 1776 lineas
285 1705 510 1788 Parisienses
521 1719 712 1800 aequante,
733 1701 941 1798 secuudum
968 1704 1072 1776 hori-

34 1801 38 1808 *
63 1787 220 1890 iontem
234 1818 398 1907 inflicto,
431 1817 609 1916 pollicum
625 1821 779 1890 triuma
806 1845 990 1895 mucrone
1016 1824 1073 1892 in-

66 1937 247 2026 tervallo,
258 1953 295 2008 et
313 1935 361 2008 ab
379 1951 534 2013 externo
549 1938 690 2035 pariete
700 1935 748 2008 ad
761 1937 980 2034 oppositum
991 1963 1074 2035 per·

64 2055 253 2138 veniente.
276 2060 412 2154 Magna
424 2051 544 2127 fiterat
561 2056 752 2153 sanguinis
769 2052 955 2153 profusio,
974 2079 1074 2155 mag·

66 2197 141 2259 na,
161 2187 297 2270 praeter
323 2172 483 2246 leviores
499 2173 616 2244 animi
640 2169 887 2260 defectiones,
908 2197 979 2243 nec
998 2199 1074 2244 una

69 2315 255 2389 syncope,
267 2291 519 2364 trihusautem
531 2291 732 2389 postremis
750 2289 883 2361 diebus
896 2291 992 2360 nulli
1002 2288 1074 2362 fer-

66 2433 129 2482 me
138 2409 433 2507 ampliuspulsus
440 2463 450 2496 ,
472 2409 539 2506 qui
555 2405 723 2480 secundo
745 2423 782 2479 et
794 2408 904 2478 tertio
916 2407 976 2480 die
986 2433 1075 2480 cum

67 2527 303 2606 vehementis
327 2524 431 2600 febre
458 2509 672 2624 viguerant3
705 2549 787 2622 quae
814 2549 901 2596 oum
925 2527 1008 2599 aliis
1027 2527 1075 2600 ab

68 2647 179 2716 initio
193 2645 240 2716 ad
259 2643 374 2718 finem
392 2669 512 2742 usque
531 2643 747 2742 diligentius
766 2667 854 2714 sane
869 2643 1075 2735 adnotatis,

63 2788 185 2861 ⁴quam
205 2765 244 2834 in
266 2762 457 2861 plerisque
486 2757 673 2834 vulnerati
699 2761 824 2832 cordis
844 2761 1075 2836 observatio-

68 2881 185 2954 nibus
201 2880 334 2979 legisse
357 2880 615 2966 meminerim,
636 2877 763 2949 videre
786 2880 928 2976 poteris
947 2879 994 2951 ab
1015 2907 1076 2954 an-

68 2999 192 3072 ditore
210 2995 301 3070 olir‘n
320 3021 406 3068 meo
419 2996 609 3093 Stephano
622 2999 839 3092 Gaspareno
854 2996 910 3092 (α)
928 2997 1076 3070 medico
1170 3026 1173 3037 s

72 3134 110 3192 et
130 3097 309 3214 chirurgo
327 3097 588 3186 Feltriensium
618 3129 803 3209 spectatu,
831 3137 958 3211 presse
992 3117 1077 3212 qui·

69 3235 160 3306 dem
171 3288 183 3322 ,
204 3249 242 3332 at
254 3233 457 3331 perspicue
472 3229 668 3328 descripta.
697 3235 885 3302 Hactenus
909 3233 1076 3329 exposita

71 3377 162 3426 eum
176 3374 433 3438 recenserem,
449 3349 610 3421 eximius
629 3347 767 3418 allatus.
781 3345 903 3419 fuerat
921 3347 1077 3422 Archia-

71 3471 121 3543 tri
138 3469 292 3542 illustris
302 3468 445 3540 Senacii
459 3467 507 3539 de
520 3464 635 3538 corde
645 3479 842 3552 tractatus,
864 3467 970 3562 cujus
982 3468 1076 3540 illud

113 3839 157 3920 (1)
178 3845 215 3900 In
226 3839 320 3898 addit.
332 3839 459 3921 adilane
474 3847 543 3894 sect.
559 3837 624 3894 obs.
640 3837 672 3909 3,
687 3835 720 3892 in
731 3837 824 3894 schol.

114 3957 160 4036 (α)
180 3958 301 4014 Osscrv.
316 3955 394 4013 med.
412 3952 486 4010 chir.
497 3970 528 4028 9.
