2976 4654
247 405 316 454 ιη.
334 405 382 452 1v.
402 407 449 454 nn
466 403 603 458 nonnis
618 405 819 469 cutione,
837 397 905 463 ote.
923 408 1035 458 oetst.
1052 409 1084 455 n.
1114 409 1186 482 299

178 520 350 596 oontinet
368 516 522 603 effluere
546 521 669 595 statim
690 520 805 608 sinat,
822 521 910 617 :egri
934 523 1063 601 animo
1095 548 1189 621 saepe
1296 606 1298 615 ¹

175 637 423 734 linquontur:
446 636 685 736 respondisse
700 655 845 724 autem,
863 630 1012 737 plaeere
1031 641 1192 736 quibus·

179 755 267 832 dani
285 756 453 829 tribuere
468 755 507 831 id
523 756 701 854 sangnini
715 757 755 828 in
776 782 860 828 vasa
875 758 956 853 ejus
969 760 1085 856 partis
1100 813 1110 846 ‚
1126 783 1195 856 per

178 875 340 948 tumoris
350 875 543 950 materiam
556 890 665 952 antea
685 899 919 972 compressa,
939 876 1195 963 nuncianda,

176 1008 335 1091 repente
355 1017 397 1068 ea
411 993 709 1090 copiairruenti,
727 1008 770 1090 tp
783 994 910 1067 minor
922 1019 1031 1091 nequo
1048 996 1094 1071 sit
1111 1018 1195 1090 qnoe

178 1109 226 1184 ad
239 1136 306 1184 oor
322 1111 461 1186 redeat.
481 1113 540 1184 Sic
559 1125 685 1186 nutem
706 1111 801 1208 quid
819 1111 900 1184 aliis
915 1113 1058 1209 potins,
1078 1137 1194 1209 quam

176 1229 271 1332 quid
288 1229 384 1305 mihi
395 1230 604 1318 videretur,
619 1229 802 1328 respondi
819 1233 986 1327 primum
1007 1232 1095 1327 qnin
1113 1255 1194 1308 noo
1271 1221 1274 1230 ¹

181 1346 361 1422 omnibus
399 1347 614 1425 tumoribus
650 1372 736 1433 vasa
767 1348 1077 1444 comprimuntur
1104 1373 1195 1445 -quae

178 1491 315 1565 magna
339 1468 435 1552 sint,
455 1467 593 1541 deinde
611 1468 701 1564 quia
722 1481 965 1564 magnasunt
992 1483 1094 1544 certe
1111 1491 1197 1542 vato

176 1585 243 1656 illa
259 1586 432 1684 proxima
450 1610 532 1682 quae
546 1585 770 1658 novimestri
792 1583 886 1658 foetn
906 1584 1093 1661 distentus
1115 1600 1197 1659 uto-

176 1729 245 1783 rus
281 1705 517 1802 comprimit,
550 1729 671 1800 eaque
707 1706 939 1802 compressio
970 1702 1130 1779 feliciori
1157 1705 1197 1780 iu

177 1837 289 1920 partu
307 1819 384 1894 fene
395 1823 581 1919 temporis
594 1837 739 1919 puncto
761 1822 923 1908 tollitur,
943 1847 1198 1919 nequeprop·

178 1955 281 2012 terea
308 1937 476 2037 deliquia
503 1942 711 2037 ingruunt;
732 1955 775 2010 ut
800 1939 871 2012 alin
898 1939 1100 2036 quaerenda
1121 1963 1198 2016 ros·

178 2060 332 2157 pensio,
349 2073 415 2130 aut
434 2056 537 2130 aliud
551 2057 681 2130 saltem
698 2055 748 2131 ad,
761 2057 861 2132 illam
884 2055 1102 2136 addendum
1117 2079 1196 2131 esse

176 2175 359 2248 videatur.
378 2174 451 2247 Sed
468 2191 652 2252 tumores·
668 2190 821 2247 artuum
849 2175 912 2250 alii
936 2189 1024 2248 sunt
1042 2174 1101 2248 vel
1123 2175 1195 2248 isto

176 2319 291 2392 quem
310 2293 403 2382 dixi,
424 2294 537 2391 longe
560 2294 727 2388 mnj0res
744 2320 752 2362 :
772 2317 870 2390 quos
892 2293 1039 2390 aperire
1057 2289 1196 2368 frustra

176 2437 309 2500 avens3
328 2437 454 2510 neque
488 2413 591 2486 enim
619 2411 725 2509 quod
748 2415 967 2499 continent,
994 2435 1195 2508 magno-ex

178 2547 284 2630 parte
303 2529 431 2610 fluxile
450 2545 526 2618 est,
546 2531 726 2627 noquein
741 2555 814 2628 pus
827 2532 925 2604 verti
937 2546 1080 2629 potest,
1101 2532 1194 2627 quio

178 2651 293 2722 otiam,
304 2673 384 2720 non
401 2673 489 2722 raro
499 2649 786 2744 interjectorum
797 2649 1061 2724 musculorum
1080 2665 1198 2725 struo-

179 2783 265 2840 tora
290 2768 431 2838 mirum
450 2767 490 2838 in
517 2765 674 2849 modum
699 2767 850 2856 vitiata,
883 2791 926 2847 ao
959 2783 1102 2842 mutato
1127 2775 1194 2840 est.

184 2886 405 2982 Desoriptos
431 2883 577 2964 videbis
598 2886 650 2960 in.
663 2884 925 2961 dissertatione
944 2884 1004 2981 (t)
1019 2891 1073 2958 Jo.
1098 2890 1200 2960 Hon-

181 3002 312 3089 seleoi,
330 3004 419 3100 quia
436 3001 715 3098 ejusdemmodi
731 3003 1126 3099 tumorumexempln
1138 3004 1196 3076 ini

179 3118 355 3203 dicantur
372 3119 499 3217 plone,
509 3141 674 3216 quonum
690 3119 1014 3217 aliqnanonndeo
1028 3120 1195 3194 nocentia

181 3251 288 3324 eunt,
306 3238 399 3308 utin
417 3235 709 3334 Sepulchoetum
728 3235 860 3336 refoopi
875 3261 953 3310 non
963 3237 1194 3335 potuissent,

181 3372 218 3426 et
235 3353 282 3426 ad
298 3352 558 3459 Wedeiianum
580 3351 674 3426 ittud
690 3353 747 3450 (o)
768 3354 939 3452 adjungi,
964 3355 1069 3451 quod
1091 3357 1130 3426 in
1151 3380 1195 3426 ea

181 3472 441 3554 dissertatione
456 3473 685 3568 praeteritum
708 3487 772 3544 est.
795 3472 906 3542 Plura
921 3497 1075 3569 quoqne
1095 3473 1195 3570 leges

181 3591 220 3664 in
234 3589 512 3676 dissertatione,
532 3615 615 3688 quae
635 3605 745 3662 antea
762 3589 971 3687 prodierat,
993 3591 1194 3662 Alexandri

221 3870 265 3950 (1)
285 3871 362 3930 ltin.
377 3869 496 3930 Brochii
507 3875 699 3948 protumidi,
715 3881 793 3947 §14-

220 3970 262 4050 (α)
285 3973 363 4032 Seot.
381 3971 437 4032 hoo
450 3992 485 4044 α,
499 3974 564 4033 obe.
581 3993 627 4047 17,
644 3977 700 4046 Sd.
818 3975 821 3982 ⁴
