2784 5088
267 447 334 493 ιη.
349 444 402 492 lv.
418 444 464 489 na
477 440 613 489 nonnis
626 441 822 506 enmono,
841 433 909 489 etc.
929 443 1041 491 mnsr.
1059 445 1120 491 nn.
1149 423 1217 509 461

208 580 375 680 probat,-
404 574 602 675 Wepferus
626 589 752 646 autem
780 576 832 646 sic
868 575 950 647 illas
972 576 1148 665 absolvit,
1183 595 1224 650 ut

216 684 304 769 cum
335 694 479 793 globuli
508 691 676 792 plumbei
705 694 965 789 trajectionem
992 697 1029 764 in
1057 721 1133 765 uno
1156 721 1224 794 per

217 813 437 900 cerebrum,
455 811 621 882 inaltero
634 835 703 907 per
713 810 961 898 cerebellum,
979 813 1223 883 etcerebrum

215 946 424 1017 memoret,
444 929 551 999 illum
575 927 728 1024 quidem
750 927 871 1025 paulo
889 944 998 1026 post,
1015 928 1119 1001 hunc
1133 956 1223 1002 vero

207 1053 387 1148 protinus
403 1033 610 1116 extinctum
630 1060 767 1134 narret.
780 1049 931 1136 Quanto
941 1047 1053 1143 igitur
1066 1061 1102 1148 et
1112 1049 1221 1120 citius

217 1182 255 1237 et
268 1169 404 1238 certius
417 1162 593 1234 cerebelli
606 1187 737 1258 ,quam
749 1162 896 1234 cerebri
906 1165 1063 1234 vulnera
1079 1165 1223 1239 soleant

217 1308 296 1356 esse
308 1280 471 1368 lethalia,
488 1280 726 1378 satisanobis
744 1277 1011 1352 confirmatum
1030 1299 1094 1354 est.
1109 1289 1221 1356 Nunc

216 1399 263 1472 ad
274 1417 419 1471 nostras
436 1395 533 1486 fissi,
552 1395 704 1468 fractive
725 1399 843 1468 cranii
861 1397 1141 1472 observationes
1160 1425 1224 1472 ve-

217 1520 375 1588 niamus.
539 1529 542 1532 “

268 1635 324 1706 28.
342 1625 460 1731 Virgo
489 1656 677 1703 annorum
701 1631 988 1728 septemdecim,
1009 1632 1139 1729 pallidi
1161 1659 1223 1704 co-

215 1753 326 1838 loris,
345 1776 431 1822 cum
452 1766 617 1821 amatore
628 1773 793 1845 quocum
808 1765 975 1820 vetuerat
989 1765 1112 1846 pater,
1127 1748 1223 1823 forte

216 1867 454 1966 loquebatur.
484 1866 690 1938 Intervenit
715 1865 777 1936 hic
802 1866 848 1936 de
868 1866 1091 1963 improviso,
1110 1883 1224 1965 atque

216 2005 260 2060 nt
279 2004 357 2060 erat
374 1986 613 2060 truculentus
630 2011 700 2056 nec
726 1987 881 2056 omnino
902 1965 1069 2072 sobrius,
1099 2013 1223 2061 crasso

216 2122 367 2204 arrepto
396 2104 492 2176 fuste
530 2093 617 2174 cum
651 2102 872 2191 brachium,
904 2119 984 2173 tum
1017 2109 1223 2200 prasertim

154 2291 155 2296 ,
217 2240 329 2322 caput
347 2221 429 2292 filiae
452 2222 558 2293 caedit
579 2245 621 2291 ea
640 2220 893 2307 vehementia,
919 2235 962 2290 ut
989 2218 1095 2292 fustis
1117 2248 1222 2292 rum-

216 2357 338 2441 patur.
355 2341 413 2411 Sic
425 2339 642 2426 vulnerata,
659 2337 764 2409 boris
779 2354 863 2435 post
876 2343 1038 2435 quatuOr
1055 2336 1223 2410 defertur

216 2461 256 2530 in
271 2459 511 2528 Bononiense
530 2457 796 2528 nosocomium
823 2461 855 2526 S.
876 2457 1000 2526 Mariae
1018 2455 1066 2527 de
1087 2473 1220 2528 morte.

216 2573 544 2675 Interrogantibus
573 2601 652 2645 non
688 2573 914 2672 respondet,
947 2576 1135 2672 pulsuque
1169 2592 1224 2648 est

216 2679 352 2766 humili
368 2693 483 2779 aden,
503 2708 544 2763 ut
556 2694 775 2790 sanguinem
792 2693 938 2764 mittere
956 2718 1035 2762 non
1049 2693 1223 2766 audeant.

216 2817 312 2884 Leve
325 2809 472 2881 brachii
485 2809 622 2880 vulnus
640 2824 737 2892 erat,
754 2811 885 2906 capitis
903 2825 1027 2879 autem
1042 2825 1078 2880 et
1097 2811 1223 2908 plura,

217 2945 253 3001 et
271 2928 417 3026 gravia3
449 2927 489 2997 in
510 2925 569 2998 his
594 2927 854 3024 gravissimum
888 2928 1058 2996 omnium
1085 2953 1225 3018 unum,

216 3044 324 3144 quod
340 3060 376 3117 et
394 3045 585 3142 praecipuo
599 3041 730 3113 dolore
740 3039 886 3113 afficere
900 3041 1114 3131 videbatur,
1125 3070 1224 3141 pone

217 3188 350 3236 aurem
372 3162 580 3249 sinistram,
612 3183 657 3230 ex
687 3185 761 3257 qua
784 3161 864 3257 ipsa
894 3176 1022 3256 postea
1048 3159 1226 3234 effluebat

217 3283 365 3354 sanies:
387 3305 461 3376 qua
474 3304 553 3349 non
572 3279 734 3349 multum
753 3275 954 3348 madebant
976 3278 1142 3348 vulnera.
1163 3285 1226 3350 In-

218 3414 276 3470 tra
290 3395 369 3468 dies
384 3397 532 3467 circiter
547 3411 711 3493 quatuor
725 3419 821 3491 aegra
834 3397 963 3492 coepit,
980 3396 1226 3495 interrogata,

217 3513 469 3612 respondere;
484 3514 550 3586 sed
567 3528 609 3583 ut
627 3513 833 3611 plurimum
847 3515 908 3582 vix
920 3532 1057 3611 pauca,
1078 3531 1233 3613 utputa

218 3655 385 3730 negans,
405 3646 468 3702 aut
480 3632 593 3702 aiens.
613 3631 768 3700 Interim
786 3631 1010 3718 vehemens,
1031 3629 1228 3730 frequens-

219 3773 298 3848 que
317 3745 359 3818 fit
377 3749 524 3845 pulsus,
545 3763 581 3818 et
591 3743 704 3818 febris
724 3747 1033 3820 animadvertitur
1056 3751 1226 3846 quotidie

218 3867 439 3964 vespertino
464 3879 635 3962 tempore
669 3859 880 3963 augescere.
911 3869 1005 3935 Tum
1036 3883 1229 3940 menstrua

219 3983 397 4082 purgatio
413 3982 633 4081 tempestive
654 3982 830 4053 accessit:
847 4005 918 4053 nec
928 3981 975 4052 ad
992 3997 1152 4054 mortem
1167 4010 1228 4060 us-
