2946 4662
301 451 372 548 418
464 471 511 530 ιιι
537 470 683 530 s'nmnos
708 471 751 526 tr·
778 472 901 528 cissis
927 477 1137 528 ιιοιιοιιιιι

297 595 484 693 potuerit,
497 591 755 665 utauxiliihoc
767 617 886 692 genus
905 593 1164 689 desereretur)
1187 607 1303 690 q'uem

294 713 336 782 in
354 727 496 783 metum
520 709 707 808 populus,
741 724 909 808 etquam
928 711 969 780 in
999 711 1220 809 opinionem
1255 710 1304 782 ab

296 827 480 900 utrolibet
497 843 635 900 eventu
650 825 756 899 facile
770 825 955 899 adductus
971 823 1085 900 fuerit
1103 883 1113 914 ,
1138 827 1252 898 rides.

349 947 402 1018 13.
426 945 498 1017 Sed
518 961 651 1044 praeter
670 969 731 1016 eas
751 971 833 1041 quae
851 945 958 1017 dictae
978 961 1088 1034 sunt,
1116 943 1303 1022 fieritunc

293 1065 420 1162 potuit
435 1062 563 1135 multis
580 1061 660 1134 aliis
667 1061 721 1134 ,de
742 1064 881 1151 causiS,
902 1078 943 1134 ut
957 1063 1038 1135 sine
1052 1063 1212 1136 utilitate
1224 1061 1310 1134 ,cal--

161 1208 186 1252 .·
293 1183 396 1252 varia
421 1179 696 1266 terebraretur3
718 1180 794 1250 imo
824 1205 904 1250 non
925 1181 1006 1252 sine
1020 1177 1217 1252 manifesto
1236 1177 1303 1249 de.-

291 1301 493 1386 irimento,
509 1323 592 1396 quae
609 1321 669 1370 res
685 1298 745 1369 vel
763 1299 879 1396 magis
897 1322 1047 1372 aversos
1065 1295 1195 1369 fecerit
1218 1297 1301 1369 ani-

292 1442 377 1493 mos
403 1416 450 1488 ab
469 1416 544 1490 hoc
563 1415 719 1487 auxilio:
741 1431 783 1488 ut
806 1417 838 1488 si
856 1415 1057 1514 chirurgus
1087 1414 1182 1486 forte
1202 1416 1304 1512 igno·

291 1558 501 1632 rus,quam
519 1557 613 1632 saepe
625 1534 664 1604 in
676 1535 793 1606 cranii
808 1535 987 1606 interiore
999 1531 1091 1616 faeie
1106 1533 1302 1632 insculpto:

289 1655 368 1726 sint
385 1649 501 1723 foveae
516 1651 587 1722 itlae
605 1675 700 1750 quas
716 1651 808 1723 alias
827 1650 885 1748 (ι)
904 1649 972 1723 tibi
992 1651 1307 1736 memoravimus,
1333 1712 1337 1718 .

289 1769 508 1856 tubercula,
530 1785 572 1842 ut
597 1771 687 1842 olim
704 1768 911 1854 vocabant,
948 1792 1078 1841 crassae
1114 1770 1301 1866 meningis

292 1887 398 1960 haud
430 1913 517 1960 raro
548 1887 621 1964 'alte
647 1888 742 1960 adeo
774 1888 1023 1986 excipientes,
1049 1903 1091 1958 ut
1116 1886 1171 1958 ibi
1206 1875 1303 1973 una,
1334 1965 1337 1972 ,

291 2031 410 2105 eaque
421 2009 591 2093 tenuior,
611 2022 763 2077 externa
776 2005 915 2079 lamina
933 2003 1080 2086 ossibus
1096 2007 1300 2103 praesertirn

288 2126 496 2224 sincipitis,
514 2123 708 2195 interdum
728 2139 767 2194 et
785 2121 919 2198 frontis
944 2123 1121 2221 supersit,
1139 2148 1301 2218 quarum

287 2242 527 2342 ignoratione
540 2265 671 2312 rerum
692 2265 845 2328 vereor,
862 2267 909 2312 ne
926 2242 1025 2340 ipsas
1039 2235 1303 2313 'observatores-

287 2359 444 2458 quidam
466 2384 535 2456 pro
555 2359 689 2446 cranii,
720 2373 757 2430 et
783 2359 970 2458 meningis
988 2357 1135 2430 morbis
1156 2383 1300 2457 propo-

288 2479 450 2560 suerint3
469 2477 499 2547 si
512 2475 574 2547 ille
587 2475 700 2574 igitur
713 2492 847 2549 contra
860 2477 1025 2574 aliquam
1048 2501 1094 2548 ex
1111 2476 1155 2548 iis
1166 2537 1171 2545 .
1181 2473 1317 2550 foreis·

287 2619 400 2685 casu,
431 2618 519 2666 nam
552 2611 660 2665 certae
681 2620 810 2666 earum
834 2594 945 2667 sedes
962 2620 1044 2666 oon
1073 2609 1178 2682 sunt,
1203 2609 1303 2666 tere-

286 2713 396 2785 bram
407 2711 634 2800 demisisset,
649 2714 754 2809 prius
765 2714 898 2810 utique
909 2714 1148 2812 meningem,
1167 2729 1299 2811 etquae

91 2829 96 2842 '
194 2931 198 2939 ι
285 2833 407 2930 ipsam
424 2829 624 2916 attollunt,
648 2830 844 2918 violasset,
871 2855 986 2928 quam
1001 2831 1162 2929 primam
1192 2829 1300 2913 iami-

286 2973 376 3025 nam
393 2963 512 3020 totam
530 2973 552 3018 a
575 2973 613 3021 se
631 2947 855 3020 terebratam
876 2973 955 3021 esse
978 2947 1168 3024 crederet:
1183 2965 1250 3027 aut
1268 2951 1301 3022 si

287 3066 381 3142 alius
390 3081 531 3139 retecta
542 3090 618 3164 ope
633 3065 790 3137 terebro
807 3066 940 3138 eodem
959 3068 1135 3164 meninge
1145 3093 1163 3154 ,·
1185 3067 1301 3164 eique

287 3171 360 3284 pus
377 3183 533 3257 subesse
563 3198 665 3256 ratus
694 3183 840 3280 (subest
877 3185 978 3256 enim
1002 3183 1229 3281 aliquando,
1259 3201 1303 3256 ut

210 3328 213 3336 ·
286 3291 502 3402 complures
518 3301 658 3374 docent
668 3301 971 3389 observationes,
991 3303 1030 3372 in
1045 3301 1166 3400 iisque
1182 3301 1300 3374 etism

288 3420 371 3492 dnae
391 3444 412 3489 a
432 3421 590 3514 Murryo
616 3418 670 3514 (ι)
693 3419 818 3507 editae,
844 3430 1133 3516 quasnnotome
1159 3417 1303 3504 confir*

266 3567 268 3574 ¹
287 3535 418 3633 mavit)
427 3559 510 3608 eam
524 3537 742 3635 meningem
754 3536 968 3625 incidisset,
985 3539 1092 3634 isque
1109 3526 1305 3636 nntsigois·

286 3654 490 3754 deceptio
513 3654 613 3728 inter
635 3678 717 3751 quae
738 3659 904 3730 omnium
931 3659 1188 3734 certissimum.
1202 3681 1301 3736 num

259 4013 261 4020 Ι
329 3931 372 4014 (ι)
393 3935 487 4010 Epist.
505 3933 538 4004 8,
554 3951 586 3991 ιι.
605 3935 633 3992 3.

313 4032 372 4113 Ιξι)
393 4039 502 4104 Quaest.
513 4036 606 4110 paris.
623 4052 672 4092 ιιι.
687 4035 993 4112 1⁶36,propositnn.
1008 4035 1035 4094 5.
