3000 4658
343 407 414 489 lm
461 435 464 441 '
509 409 555 488 ml
581 437 1178 488 ssnmnsarcsus1snoasonnn
1208 411 1211 416 ’
1242 445 1244 453 ·

341 551 566 642 deduximus
584 552 649 648 (1).
669 551 902 644 Quantulum
931 567 1054 634 autem
1073 552 1221 624 lethalis
1239 550 1345 638 icho-

340 670 412 756 ris,
431 685 496 742 aut
512 671 590 742 vitii
614 669 661 742 ab
683 693 730 742 eo
747 669 893 742 inducti
913 667 1018 743 haud
1034 694 1121 741 raro
1142 671 1240 742 intra
1265 694 1347 741 cra-

339 788 444 858 nium
464 789 643 886 supersit,
660 803 724 860 aut
740 801 843 858 certe
854 787 1232 886 inveniatur‚praeter
1244 811 1346 860 eom-

338 903 468 1000 plures
483 904 660 977 Valsalvae
673 904 848 976 historias
863 904 920 1001 (α)
939 919 976 977 et
989 904 1082 980 duas
1091 907 1233 1004 primas
1251 929 1358 998 nos--

339 1036 433 1108 tras,
451 1039 488 1094 et
510 1017 608 1093 hanc
629 1021 819 1111 ultimam,
848 1020 905 1092 hae
931 1022 1010 1094 aliae
1032 1021 1233 1094 ostendent
1250 1043 1346 1118 quas

340 1139 538 1215 nobiscum
559 1138 742 1211 Mediavia
762 1153 893 1212 noster
914 1137 1224 1236 diligentissimus
1238 1163 1344 1210 eom-

338 1257 553 1328 municavit.

381 1399 444 1445 ro.
461 1376 566 1462 Seni,
584 1397 670 1444 cum
687 1371 814 1444 ebrius
834 1386 951 1460 esset,
971 1373 1012 1442 in
1025 1371 1143 1447 altero
1161 1372 1343 1470 sincipitis

337 1491 452 1563 latere
464 1491 603 1563 vulnus
627 1515 716 1562 saxo
738 1488 925 1562 inflictum
948 1487 1091 1562 fuerat:
1119 1515 1164 1562 ex
1190 1513 1268 1587 quo
1287 1505 1345 1560 ta-

336 1633 425 1680 men
446 1634 569 1706 neque
590 1607 743 1696 cecidit,
766 1631 891 1705 neque
922 1611 1076 1678 vonmit.
1096 1606 1260 1686 Vulnere
1274 1631 1344 1704 per

335 1725 556 1824 chirurgum
572 1725 706 1798 diebus
719 1725 1007 1822 insequentibus
1017 1724 1343 1822 dilatat02subjee·

335 1859 415 1916 tum
438 1868 481 1915 os
502 1842 604 1914 haud
627 1843 678 1914 ita
698 1841 898 1940 proculab
927 1843 1067 1941 angulo
1097 1867 1210 1940 quem
1230 1845 1341 1942 sagit*

334 1962 416 2034 talis
437 1978 473 2033 et
495 1959 729 2034 lambdoides
755 1974 891 2031 suturae
906 1959 1168 2058 intercipiunt,
1187 1958 1343 2031 sublivi-

333 2079 425 2150 dum
439 2093 632 2182 repertum
648 2093 726 2166 est;
745 2092 981 2175 quapropter
998 2077 1138 2148 idoneo
1153 2075 1200 2148 ad
1218 2075 1255 2146 id
1269 2073 1341 2148 feru

333 2212 504 2269 ramento
518 2219 643 2268 rasum
669 2191 748 2266 suit.
770 2198 847 2267 Nec
873 2193 1042 2266 medicus
1064 2193 1213 2283 deerat,
1239 2194 1337 2266 nihil

333 2339 465 2387 eorum
493 2313 782 2412 praetermittens
802 2338 884 2411 quae
910 2311 1097 2408 ejusmodi
1124 2313 1163 2382 in
1192 2311 1340 2386 casibus

332 2431 415 2506 fieri
433 2433 564 2504 solent.
584 2430 730 2502 Vulnus
754 2446 879 2502 autem
903 2429 1118 2502 subsiccum
1145 2444 1243 2518 erat,
1263 2455 1336 2502 neo
1370 2458 1381 2468 ·

329 2549 423 2621 boni
436 2549 574 2620 coloris
587 2573 597 2635 3
612 2545 727 2620 febris
745 2547 891 2635 aderat3
912 2547 1042 2646 pulsus
1052 2563 1160 2620 erant
1172 2546 1333 2620 debiles:

329 2691 425 2764 aeger
445 2680 559 2738 noctu
577 2665 769 2763 surgebat,
787 2679 916 2738 aestum
939 2681 1127 2754 causatus;
1153 2681 1190 2738 et
1204 2666 1336 2762 junius

329 2782 483 2881 quidem
498 2797 576 2854 erat
589 2784 727 2856 mensis
745 2785 836 2854 anni
856 2782 964 2880 17393
988 2783 1052 2856 sed
1072 2783 1111 2854 id
1119 2798 1253 2856 'tamen
1277 2785 1336 2853 viq

329 2898 490 2972 debatur
509 2899 592 2974 laesa
620 2899 797 2972 nonnihil
823 2916 948 2974 mente
970 2899 1062 2972 fieri.
1093 2901 1258 2972 Tandem
1281 2898 1334 2972 fe-

327 3017 406 3092 bris
427 3017 523 3090 abit:
548 3019 724 3102 meliores
745 3016 842 3090 fiunt
870 3019 1027 3117 pulsus:
1053 3019 1207 3116 jamque
1236 3043 1336 3116 aeger

328 3133 464 3210 famem
480 3160 519 3207 se
531 3135 691 3234 amplius
709 3131 807 3218 ferre
822 3139 1069 3234 posse'negat.
1087 3136 1199 3208 Nulla
1209 3151 1336 3208 tamen

292 3333 295 3342 Α
326 3256 365 3324 in
384 3278 425 3324 re
446 3254 617 3351 peceanti
634 3267 719 3350 post
733 3253 876 3351 aliquot
895 3254 985 3326 dies·
992 3251 1091 3334 redit
1109 3250 1224 3325 febris
1242 3278 1335 3324 cum·

202 3449 205 3456 .
327 3395 438 3444 sensu
457 3371 644 3468 gravitatis
657 3371 807 3470 capitiS,
825 3387 980 3468 torpore
997 3370 1162 3466 quodam
1176 3372 1332 3462 mentis,

324 3489 397 3560 levi
414 3485 569 3580 delirio,
588 3483 693 3562 faciei
715 3503 752 3560 et
766 3487 964 3560 oculorum
984 3487 1181 3560 rubedine.
1198 3491 1331 3586 Itaque

324 3606 472 3678 medico
491 3606 628 3704 iterum
646 3631 758 3705 opem
774 3602 891 3693 ferre,
910 3603 974 3677 sed
992 3601 1130 3676 frustra
1145 3617 1346 3696 conante,'

325 3787 670 3810 p-U-—q

362 3886 406 3969 (1)
429 3892 540 3965 Supra,
553 3909 583 3946 n·
600 3887 628 3946 ὅ.

360 3989 406 4068 (s)
426 3989 521 4066 Epist,
537 3986 667 4066 praeced.
851 4033 863 4118 Ι
