2828 4652
145 453 997 528 marr.nruonsrscnrnuac.,·etc.nersr.xnrx.
1029 445 1096 546 167

149 587 200 670 id.
222 580 289 652 Vir
306 578 446 651 nobilis
467 591 657 650 annorum
670 577 819 651 circiter
833 579 1098 680 quadraginta,

101 700 163 798 qui
178 697 238 770 vel
252 719 364 789 sanus
384 709 495 772 tantae
514 711 593 768 erat
618 696 691 767 alvi
716 694 860 767 duritiae
886 697 1073 773 obnoxius
1089 740 1122 792 t.

100 823 139 887 ut
156 839 233 886 nou
249 815 322 886 nisi
343 815 432 886 artis
450 835 525 913 ope
541 823 788 901 exoneraret,
817 837 903 884 cum
919 835 965 886 ex
980 819 1101 916 patria

101 933 247 1030 regione
257 987 266 1021 ,
278 933 385 1004 tenui
394 948 480 1003 aere
496 929 649 1029 praedita
662 932 722 1019 ,in
735 929 844 1002 aliam
858 934 973 1004 crassi
984 935 1102 1026 aeris,

101 1050 326 1126 domicilium
346 1053 622 1140 transtulisset,
644 1051 752 1124 breti
766 1065 851 1150 post
870 1061 1043 1151 tempore
1060 1057 1103 1128 ita

101 1165 234 1240 febrem
253 1169 410 1259 incldit,
431 1169 539 1240 nullo
552 1169 625 1240 alio
640 1169 813 1270 stipatam
829 1184 1102 1268 symptomata,
1190 1229 1200 1238 .

101 1287 167 1359 nisi
185 1287 292 1385 quod
309 1311 407 1386 aeger
432 1287 480 1359 de
504 1285 652 1360 assidua
675 1287 792 1358 animi
815 1287 1115 1385 inquietudine,

102 1405 186 1478 etde
197 1406 334 1506 vigiliis
344 1419 529 1504 perpetuo
539 1403 854 1504 conquerebatur.
871 1406 942 1477 Sed
953 1403 1105 1482 decimo

101 1537 227 1622 quarto
244 1524 308 1596 die
326 1546 412 1597 cum
432 1524 543 1596 dolor
559 1524 690 1624 eapitis
707 1525 941 1613 accessisset,
956 1523 1106 1623 pulsus⁶

101 1665 168 1740 que
183 1641 303 1714 modo
324 1663 361 1715 se
383 1641 610 1742 proderent,
633 1641 750 1712 modo
767 1641 817 1713 ita
831 1640 1105 1716 contraherem

100 1773 175 1849 un,
190 1775 230 1833 ut
245 1758 394 1860 percipi
412 1785 432 1831 a
451 1759 603 1831 medico
619 1762 714 1858 saepe
733 1772 812 1830 non
832 1772 1012 1858 possent3
1039 1781 1103 1834 eo·-

101 1875 178 1948 dem
194 1877 256 1951 die
279 1880 395 1949 vitum
417 1898 502 1950 eum
520 1891 643 1948 morte
672 1879 926 1950 commutavit.
953 1879 1104 1951 Venaria

101 1993 167 2065 culi
185 1988 327 2068 fundus
349 2007 431 2067 atro
449 2007 528 2067 erat
552 1991 681 2066 colore
704 1993 876 2068 infectus.
901 1998 1095 2086 Intestina,

101 2125 133 2183 et
149 2135 266 2187 crassa
282 2113 513 2212 praesertim,
532 2121 689 2210 angusta
701 2119 818 2184 orant.
855 2117 996 2186 Cretera
1008 2137 1102 2185 uen-¹

101 2231 161 2304 tris
173 2233 317 2305 viscera
330 2210 430 2303 sana.
445 2230 603 2329 Sanguis
617 2245 696 2302 erat
712 2229 820 2302 valde
840 2246 1051 2304 concretus.

148 2349 199 2421 15.
217 2355 335 2425 Nunc
362 2347 416 2421 ad
441 2347 685 2422 dissentiones
713 2348 824 2422 hasce
853 2349 1106 2449 adjungemus

102 2483 330 2552 nostrarum,
351 2475 417 2538 aut
445 2466 655 2554 amicorum
677 2468 753 2540 sive
780 2467 1105 2559 observationum,

101 2585 168 2658 sive
184 2583 555 2658 animaduersionum
584 2585 754 2684 exempla
775 2586 940 2686 aliquot,
961 2585 1009 2657 ad
1026 2611 1105 2659 me·
1140 2593 1147 2608 ‘
1219 2603 1223 2608 '

103 2719 257 2793 morata,
280 2703 328 2776 ad
354 2699 691 2803 aliaquelehrium
723 2719 862 2802 genera
887 2705 1103 2804 spectantia.

102 2821 247 2920 Aliquot
282 2837 408 2895 autem
442 2822 628 2910 diximus3
660 2845 766 2913 nam,
791 2837 835 2893 ut
870 2823 1105 2920 superiorem

103 2957 286 3014 servantes
311 2940 508 3029 ordinem,
525 2937 573 3011 ab
592 2939 725 3029 lentis,
744 2939 976 3038 hecticisque
994 2938 1104 3012 lebri-

101 3053 167 3129 bus
179 3059 426 3159 incipiamus,
443 3059 514 3130 alia
526 3060 566 3130 in
586 3058 706 3131 missis
723 3071 831 3130 antea
845 3058 1011 3157 epistolis
1027 3059 1106 3154 jam

102 3172 217 3274 legisti
228 3180 307 3251 sive
322 3201 408 3251 oum
428 3177 595 3251 thoracis
607 3199 652 3249 ex
667 3178 883 3276 proposito,
899 3178 976 3248 sive
993 3177 1107 3248 etiam

103 3292 296 3368 interdum
326 3322 414 3370 cum
443 3295 567 3368 obiter
606 3296 748 3368 ventris
789 3293 1003 3366 abscessum
1042 3293 1107 3366 ali·

106 3435 212 3508 quem
245 3414 321 3514 (1)
353 3415 740 3488 commemoravimus.
789 3415 919 3486 Unum
952 3411 1015 3484 hic
1045 3425 1111 3487 aut

105 3529 259 3604 alterum
278 3533 337 3605 vel
363 3535 444 3607 sine
463 3530 663 3606 manifesto
693 3531 867 3606 abscessu
895 3531 1108 3632 exemplum
1191 3607 1192 3612 ,

106 3645 331 3744 adjiciemus.

144 4019 187 4100 (ι)
207 4026 251 4082 ut
264 4023 358 4103 Epist:
373 4025 427 4102 46,
441 4047 473 4086 n.
485 4043 532 4101 η.
