2946 4662
352 361 425 436 506
520 389 564 436 on
591 378 737 438 sautans
762 391 806 438 nr
831 389 955 452 causis
981 391 1190 454 nonnosum

352 495 524 600 dispositi
541 517 680 590 essent,
701 490 910 600 minusque
928 501 1057 592 idonei
1086 503 1134 576 ad
1159 529 1202 597 ea
1227 502 1346 602 prohi-

351 615 477 700 benda
495 644 577 717 quse
597 621 684 693 inde
700 636 828 694 secuta
844 635 943 714 sunt,

379 783 382 797 ›
405 760 458 808 rr.
476 741 587 812 Nunc
603 737 757 836 quando
776 739 889 824 ictus,
908 753 944 810 et
958 737 1116 828 vulnera
1126 763 1207 838 qua
1221 737 1268 810 ad
1286 735 1349 810 col·

351 854 453 941 lum,
471 854 519 926 ad
536 869 681 956 pectus
706 854 753 932 ad
772 855 886 940 latera
907 870 1099 954 spectant,
1117 882 1163 926 ex
1180 855 1348 933 Valsatvae

351 971 790 1072 schedisproposuimus‚
804 988 969 1070 quatuor
981 973 1352 1069 ejusobservationes‚

352 1088 400 1163 ad
415 1091 518 1164 dorsi
530 1091 687 1164 vulnera
706 1091 926 1179 attinentes,
948 1084 1202 1186 subjiciamus.

405 1236 458 1284 ra.
478 1212 570 1282 Viro
594 1233 781 1282 annorum
810 1210 961 1282 circiter
982 1208 1231 1311 quadraginta
1248 1213 1351 1320 quiu-

352 1354 448 1427 que‚
472 1329 657 1428 pungenti
686 1326 787 1400 ferro
816 1325 972 1398 dorsum
1006 1327 1227 1402 vulneratur
1261 1329 1352 1400 circa

351 1448 523 1545 quintam
560 1459 598 1518 et
619 1459 759 1518 sextam
790 1459 952 1531 costam,
971 1445 1169 1536 intervallo
1196 1445 1352 1530 duorum

351 1562 556 1664 digitorum
579 1577 880 1648 transversorum
897 1588 917 1632 a
938 1565 1055 1662 spina.
1079 1545 1275 1637 Evuluere
1289 1560 1355 1665 pri·

351 1681 422 1752 mis
437 1679 569 1752 diebus
583 1705 662 1753 uon
679 1679 840 1754 multum
859 1681 1072 1778 sauguinis,
1092 1695 1221 1784 postea
1235 1669 1355 1754 autem

352 1813 536 1896 quatuor,
564 1813 629 1870 aut
656 1800 827 1899 quinque
855 1799 1005 1870 circiter
1036 1799 1155 1873 unciae
1187 1795 1355 1896 quotidie

351 1915 611 2015 erumpebant.
631 1921 711 2010 Qua
726 1916 1000 2015 hemorrhagia
1022 1918 1121 2004 circa
1141 1899 1242 2006 diem
1262 1915 1358 1996 deci-

352 2060 458 2106 mum
484 2034 660 2111 remediis
685 2059 872 2132 repressa,
895 2034 1034 2109 vulnus
1054 2035 1235 2117 intumuit
1264 2031 1358 2106 mul·

349 2168 501 2250 tamque
512 2155 682 2232 emittere
698 2153 840 2234 saniem
860 2153 995 2252 coepit,
1014 2153 1121 2253 cujus
1140 2156 1181 2225 in
1199 2153 1281 2226 dies
1298 2176 1359 2222 au-

350 2269 508 2368 gebatur
525 2273 643 2370 copia.
667 2275 754 2342 Erat
770 2273 896 2344 autem
913 2269 1072 2362 viscida,
1096 2286 1132 2344 et
1162 2285 1295 2358 tenax,
1320 2283 1361 2342 ut

347 2375 560 2461 trahentem
579 2389 722 2487 longuo
742 2390 860 2461 ductu
880 2404 1109 2487 sequeretur.
1131 2391 1359 2465 Diuturnam

349 2483 545 2604 ejusmodi'
555 2507 831 2594 eructionem,
845 2507 946 2594 lenta
959 2530 1044 2578 cum
1058 2505 1163 2586 febre
1176 2507 1360 2604 conjunc-

348 2641 446 2702 tam:
469 2626 606 2696 seusim
619 2615 819 2699 deficiente
831 2649 949 2724 aegro,
961 2648 1065 2698 mors
1080 2625 1227 2724 excepit
1238 2625 1303 2697 die
1315 2621 1360 2696 ab

348 2739 491 2814 inflicto
515 2743 672 2816 vulnere
699 2741 988 2842 quadragesimo
1025 2741 1203 2817 secundo.
1241 2741 1360 2819 Cada-

348 2883 436 2932 vere
456 2859 633 2949 dissecto,
649 2862 688 2933 in
704 2847 1010 2949 thoraciscavum
1025 2884 1095 2951 uec
1107 2860 1272 2949 vulnus,
1293 2883 1361 2934 nec

340 2980 491 3054 saniem
518 2967 732 3077 pervenisse
759 2979 996 3078 exploratum
1020 2993 1093 3066 est;
1123 2995 1160 3050 et
1184 2978 1363 3076 quamvis

348 3097 426 3176 haec
458 3098 600 3170 multos
635 3095 705 3170 sibi
733 3098 858 3190 sinus,
889 3113 926 3170 et
958 3096 1156 3173 cuniculos
1190 3093 1363 3180 fecisset,

348 3241 502 3293 omnem
529 3229 657 3288 tamen
689 3215 879 3304 laesionem
914 3216 955 3288 in
990 3211 1240 3288 exterioribus
1275 3211 1367 3286 sub-

348 3335 493 3408 stitisse.

239 3522 241 3527 .
400 3450 455 3524 13.
471 3450 627 3546 Quanto
645 3451 765 3522 satius
782 3451 831 3526 sit
848 3463 928 3538 tum
942 3463 1112 3537 caeteras,
1132 3462 1213 3536 tum
1226 3448 1368 3518 vulne-

234 3599 239 3604 ·
349 3594 434 3646 rum
452 3593 606 3666 quoque
632 3567 927 3666 haemorrhagiae
952 3567 1143 3668 moderari
1169 3591 1292 3664 quam
1309 3591 1370 3640 re·

349 3689 539 3788 primore,
567 3685 645 3770 haec
662 3685 733 3773 tibi
752 3683 952 3766 confirmat
971 3684 1138 3758 historia.
1161 3661 1306 3782 Neque
1325 3709 1371 3756 ex

348 3802 523 3906 proxima
539 3802 642 3878 aliud
658 3802 778 3876 deerit
792 3804 897 3902 quod
919 3803 1083 3904 colligas

402 3930 456 4014 14.
475 3922 647 4022 ¹Agricola
663 3948 784 4014 annos
797 3938 908 4012 natus
917 3923 1065 4002 circiter
1077 3921 1373 4024 triginta,.tem·
