2854 4660
210 497 277 542 rua.
295 468 849 554 iv.'nrnoar1son1arao.‚etc.
868 488 980 536 misr.
999 489 1048 536 ιι.
1076 463 1143 564 39ι

192 605 247 680 53.
269 609 337 680 Vir
356 606 511 704 quidam
539 605 661 678 caesim
691 605 730 674 in
754 604 963 690 anteriore,
983 604 1151 700 itemque

134 723 179 796 in
196 725 406 824 posteriore
417 724 549 822 capitis
566 724 715 796 sinistra
733 735 839 820 parte
858 721 1096 808 vulneratus,
1115 736 1151 795 et

132 845 177 912 in
208 843 342 941 saepius
371 857 623 914 memoratum
653 840 919 913 nosocomium
948 853 1153 936 exceptus,

133 975 277 1057 quarto
291 985 313 1030 a
330 957 552 1032 vulneribus
571 958 632 1030 die
652 959 761 1056 queri
780 958 894 1054 coepit
910 956 957 1028 de
979 959 1081 1030 saevis
1102 956 1150 1033 ad

132 1076 291 1148 lumbos
305 1076 525 1176 doloribus,
541 1077 612 1174 qni
630 1077 730 1148 intra
747 1099 887 1172 pannos
907 1075 987 1150 dies
1005 1076 1153 1146 univer-

129 1220 224 1268 sum
242 1221 383 1295 corpus
398 1199 475 1294 jam
493 1200 742 1295 occupabant.
771 1196 840 1268 Die
871 1194 1019 1266 decimo
1046 1209 1150 1266 sexto

131 1314 306 1412 aphonia
322 1330 537 1414 correptuS,
565 1331 645 1387 tum
669 1341 741 1388 usu
764 1318 939 1390 omnium
969 1337 1150 1392 sensuum

130 1433 379 1504 internorum
392 1434 545 1521 amisso,
563 1433 716 1506 tandem
730 1435 910 1532 vigesimo
926 1433 1062 1531 quinto
1076 1454 1151 1502 mo-

131 1551 246 1621 ritur.
262 1549 474 1622 Vulnerum
487 1553 655 1624 anterius
675 1552 723 1623 ad
735 1554 885 1624 initium
904 1576 1024 1649 usque
1041 1549 1150 1624 subs-

130 1669 263 1741 tantiae
284 1668 431 1739 cerebri
448 1668 665 1744 medullaris
688 1685 922 1768 pervenerat.
960 1669 1149 1742 Posterius

129 1807 230 1856 vero
256 1807 369 1882 supra
397 1793 649 1858 transversum
682 1811 812 1860 crassae
844 1787 1032 1884 meningis
1058 1809 1149 1881 pro-

132 1923 307 1988 cessum,
333 1902 532 1974 cerebrum
556 1905 754 2002 usquead
783 1904 924 1976 sinistri
948 1900 1149 1974 ventriculi

130 2042 273 2088 cavum
290 2019 532 2094 sauciaverat.
555 2025 608 2092 Eo
625 2021 834 2092 ventriculo
856 2045 935 2092 non
947 2043 1082 2116 parum
1098 2042 1151 2092 so-

131 2135 582 2234 ricontinebatnr,quod
599 2137 732 2236 lingum
746 2138 983 2236 impositum,
995 2137 1147 2232 longam

132 2249 453 2326 inordinatione·
478 2256 656 2352 reliquit3
682 2272 724 2328 ut
757 2284 803 2329 ex
832 2258 913 2352 ejus
939 2253 1147 2327 acrimonia

132 2372 292 2443 nervosi
321 2373 477 2469 generis·
498 2375 681 2462 irritati0‚
713 2374 879 2472 indeque
919 2371 1146 2446 universales

131 2488 193 2558 illi
210 2491 382 2588 eorporis
402 2489 554 2564 dolores
565 2471 697 2564 'forsan
718 2491 915 2590 repetendi
934 2490 1145 2567 videantur.

191 2603 246 2692 54.
264 2608 437 2706 Agricola
453 2634 643 2682 annornm
661 2612 811 2684 circiter
825 2603 1146 2708 quadraginta,ab

132 2724 212 2796 alio
235 2726 400 2824 agricola
426 2726 474 2798 ad
503 2727 699 2802 dexterum
731 2731 854 2826 ipsum
884 2727 981 2800 latus
1016 2723 1148 2798 media

133 2838 591 2940 fermesuturaesagittalis
603 2849 763 2918 runcina
775 2845 1012 2932 vulneratur,
1032 2841 1147 2938 hujus

133 2975 262 3030 rostro
284 2975 356 3031 tarn
377 2961 449 3031 alte
478 2960 633 3050 atauo,
652 2979 692 3035 ut
708 2965 808 3035 intra
835 2961 1036 3035 cerebrum
1058 2985 1146 3058 per·

134 3077 275 3147 veniat.
299 3082 431 3149 Totam
450 3077 497 3153 ab
525 3080 602 3150 ictu
628 3082 835 3152 contremit
853 3103 1011 3176 corpus,
1034 3077 1146 3150 intel-

136 3195 259 3264 lectus
275 3195 443 3267 actiones
458 3196 641 3267 retardari
660 3198 864 3295 incipiunt,
880 3211 992 3292 atque
1009 3194 1049 3266 in
1071 3217 1146 3265 om·

136 3312 254 3382 nibus
280 3313 420 3383 sinistri
445 3314 572 3386 lateris
597 3314 766 3412 partibus
788 3312 966 3386 movendi
990 3309 1147 3404 facultas

136 3427 378 3518 labefactari,
395 3429 537 3520 donec,
555 3433 656 3503 circa
670 3431 769 3502 diem
790 3446 984 3529 quartum,
997 3451 1147 3525 supers-

134 3548 205 3618 tite
223 3571 333 3619 sensu
344 3603 354 3635 ‚
365 3552 524 3622 omnino
536 3550 599 3622 illa
613 3566 750 3650 pereat
766 3551 890 3622 Facies
904 3548 1065 3621 multum
1081 3571 1147 3616 ru-

137 3663 255 3734 bebat
272 3691 279 3732 :
296 3665 497 3739 interiores
507 3691 641 3740 sensns
649 3666 953 3740 obscurabantur
967 3691 976 3736 ε
988 3663 1149 3758 respirant

139 3782 194 3852 tio
222 3784 359 3880 gravis,
381 3784 512 3882 pulsus
534 3784 667 3856 debilis
692 3783 816 3856 fiebat.
840 3785 1013 3878 Denique
1042 3776 1148 3847 rubi-

141 3899 266 3969 cunda
283 3902 437 3972 materia
453 3926 523 4000 per
547 3925 589 3974 os
606 3903 761 4000 rejecta,
780 3903 839 3972 die
860 3899 1020 3996 septimo
1042 3893 1145 3965 obiit.

130 4017 268 4115 ‘Cranii
287 4013 430 4088 fornice
459 4035 629 4110 exsecto,
652 4019 719 4116 qui
741 4018 898 4095 vnlnere
930 4038 1007 4085 non
1034 4011 1148 4084 modo
