2854 4660
170 467 236 514 mr.
249 467 297 522 iv.
313 467 360 515 oa
373 465 717 531 uoamsomnoao,
733 457 802 514 etc.
816 467 929 514 rr1sr.
948 469 995 515 tr.
1025 444 1101 546 347,

102 582 525 680 tss'‚gravissimaeautem
544 582 748 682 aliquando
762 597 818 670 ,et
832 583 941 656 latios
953 583 1096 655 diffusae
1185 587 1190 598 '

102 691 360 778 convulsiones
372 708 556 776 oriuntur.
573 704 629 775 Ad
644 704 742 775 leves
756 703 837 776 ilias
853 729 897 774 ex
915 719 1022 801 parte
1033 703 1095 774 ali·
1166 739 1171 747 ·

102 846 169 920 qua
196 821 350 896 fortasse
382 823 516 894 attinet
543 823 574 894 is
609 845 723 920 quem
754 823 843 893 alias
871 823 1093 905 memoravi,

101 946 299 1014 Coacerum
321 941 427 1014 locus
440 939 515 1038 (t),
537 947 640 1012 uisus
667 943 949 1014 obscuraturin
968 939 1097 1012 uulne-

100 1061 192 1130 ribds
210 1065 362 1132 mustis
380 1065 420 1130 in
437 1057 696 1158 supercilium,
713 1074 751 1130 ct
765 1059 887 1158 paulo
905 1057 1095 1145 altius;·ad

101 1179 326 1274 gravissimas
363 1191 509 1266 autem,
553 1191 594 1248 ut
622 1193 738 1274 puto,
775 1178 935 1250 Lancisii
964 1175 1095 1263 verba,

100 1294 180 1368 alias
195 1297 249 1394 (a)
266 1295 468 1394 producta,
482 1295 644 1372 volucro
657 1299 701 1366 iis
719 1293 809 1366 locis
821 1293 1095 1393 periculosiora

98 1413 209 1486 rodere
223 1415 410 1502 occidere,
438 1413 649 1511 eodemque
667 1437 711 1483 ex
730 1428 836 1510 parte
857 1413 987 1485 saltem
1010 1412 1096 1482 atti-

99 1532 214 1603 nuisse
246 1531 491 1618 crediderim,
526 1547 567 1603 ut
603 1532 889 1604 convulsionem
915 1529 1021 1602 faciei
1053 1530 1094 1598 in

98 1650 191 1738 viro,
205 1651 314 1747 cujus
335 1649 473 1722 vulnus
490 1650 537 1721 ad
552 1650 795 1748 supercilium
815 1673 929 1748 supra
942 1649 979 1740 (3
981 1663 995 1744 j
1010 1648 1097 1721 des·

99 1770 252 1864 criptum
277 1784 349 1858 est,
368 1771 418 1840 ita
438 1785 475 1841 et
494 1769 614 1839 multo
640 1769 748 1840 latius
774 1766 949 1856 diffusae,
980 1768 1095 1840 vehe-

99 1888 417 1984 mentissimasque
435 1887 699 1958 convulsiones
721 1911 802 1984 quae
816 1887 953 1958 vulnus
972 1884 1095 1956 eidem

98 2000 279 2076 inflictum
294 2005 379 2076 foco
391 2009 431 2078 in
450 2031 496 2077 eo
512 2005 560 2077 do
574 2028 653 2102 quo
666 2005 838 2102 protinus
847 2003 990 2089 dicam,
1007 2018 1095 2074 sunt

99 2140 309 2194 consecutae.

145 2263 193 2338 17.
211 2243 366 2314 Juvenis
393 2266 582 2314 annorum
619 2241 752 2340 viginti
783 2265 865 2325 sex,
901 2237 1023 2336 lapide
1047 2239 1096 2310 ab

97 2355 240 2430 inimico
256 2360 448 2456 conjecto,
476 2363 661 2432 sauciatur
681 2359 729 2430 ad
754 2357 943 2430 dexteram
966 2381 1095 2454 super-

97 2473 164 2544 cilii
189 2477 329 2550 sinistri
351 2493 508 2576 partem.
542 2479 649 2550 lllico
680 2476 835 2575 quidem
870 2475 993 2563 cadit3
1029 2475 1094 2546 sed

98 2595 273 2668 continuo
303 2597 439 2693 surgit,
469 2613 506 2668 et
529 2613 680 2694 vegetus
698 2596 845 2667 bostem
867 2595 1102 2706 insequiturx

95 2711 329 2784 Postmodum
346 2714 482 2787 eodem
496 2716 612 2785 animi
631 2717 759 2812 vigore
779 2712 824 2784 ad
843 2717 876 2783 S.
904 2714 1027 2782 Mariae
1047 2711 1094 2784 de

95 2829 171 2899 Vita
183 2833 447 2904 nosocomium
461 2857 499 2905 se
519 2831 675 2905 confert.
696 2831 787 2921 Ubi,
808 2847 1010 2930 postquam
1028 2831 1095 2901 deu

94 2941 164 3016 bita
176 2951 352 3048 applicita
369 2951 533 3021 remedia
545 2949 711 3036 fuerant,
732 2973 884 3024 necesse
899 2947 969 3020 fuit
987 2950 1094 3045 quasi

96 3083 281 3161 cogerent
300 3083 535 3155 remaneret,
564 3070 705 3168 quippe
725 3070 792 3166 qui
813 3066 998 3164 ejusmodi
1016 3066 1096 3146 vul-

96 3203 160 3252 nus
175 3186 278 3280 parvi
289 3183 489 3283 pendebat.
509 3185 577 3259 llio
593 3189 675 3284 ipso
695 3187 755 3256 die
773 3199 963 3282 quartanae
981 3181 1095 3253 febris

95 3300 386 3398 intermittentis,
418 3329 493 3402 qua
522 3319 604 3374 tum
635 3302 729 3375 forte
762 3301 966 3400 implicitus
1000 3315 1094 3388 erat,

94 3423 641 3519 paroxysmusexpectabaturt
658 3423 723 3520 qui
747 3435 784 3493 et
807 3417 935 3491 affuit:
956 3418 1021 3492 sed
1041 3415 1095 3488 fe-

95 3530 167 3608 bris
186 3542 366 3612 continua
387 3539 481 3613 facta
496 3557 551 3614 est
566 3567 652 3614 cum
669 3536 780 3638 pulsu
798 3560 957 3638 magno,
981 3553 1018 3610 et
1032 3561 1095 3608 ve·

129 3827 171 3908 (1)
192 3837 230 3890 N.
247 3835 263 3891 3
281 3837 361 3911 apud
377 3837 525 3896 Marinell.

129 3927 170 4008 (2)
190 3933 283 4008 Epist.
298 3949 377 3993 anat.
395 3937 449 4009 18,
465 3957 495 3994 n.
510 3957 525 4008 7
543 3939 573 3994 in
589 3938 640 3995 fin.

130 4025 170 4108 (a)
189 4033 228 4089 u.
253 4053 278 4106 7.
