2872 4660
154 477 223 524 mr.
248 477 303 524 111.
332 479 378 524 oe
406 477 541 524 uonms
558 475 728 543 vnitrrus,
754 476 865 528 arrsr.
884 481 1011 532 vaur.
1066 467 1108 536 81

103 591 219 663 minis
234 590 311 662 vidi
326 618 335 679 ;
351 617 514 689 quarum
538 593 714 690 accepisti
731 594 822 664 olim
845 593 1019 672 historias
1046 603 1060 700 (
1087 602 1110 699 ).

102 708 220 800 Quod
235 709 376 779 idcirco
399 733 590 796 memoro,
607 712 696 807 quia
722 727 808 810 post
830 714 1031 788 Riolanum
1060 721 1114 818 (2)
1184 747 1188 756 ·

102 826 281 916 nullum,
311 827 383 899 nisi
401 827 520 898 latum
541 827 751 918 vinculum,
772 830 877 927 quod
904 833 1026 904 solum
1047 835 1117 908 for·

101 959 201 1018 tasse
215 944 368 1017 brevius
385 961 484 1034 erat,
505 947 543 1016 in
561 970 627 1018 sua
647 947 760 1044 hujus
780 951 929 1046 generis
946 951 1116 1028 observa·

101 1064 212 1134 tione
227 1077 522 1151 memorantem,
545 1087 625 1135 non
647 1065 776 1138 deesse
801 1067 893 1139 alios
918 1069 1049 1159 vide0,
1080 1089 1117 1145 et

102 1181 334 1251 nominatim
368 1178 667 1252 Weitbrcchtum
690 1183 767 1280 (3),
800 1189 867 1281 qui
893 1209 1042 1283 semper
1069 1187 1117 1261 ab

102 1297 225 1369 altero
250 1297 411 1369 latorum
435 1296 474 1369 id
493 1295 575 1370 fieri
593 1300 759 1392 credant.
787 1305 873 1400 Ego¹
893 1327 984 1373 vero
1005 1320 1048 1376 ut
1068 1304 1115 1377 ab

102 1416 306 1512 utriusque
329 1415 368 1485 in
392 1439 470 1490 uno
491 1415 702 1514 eodemque
727 1419 842 1491 latere
868 1421 1012 1492 vinculi
1034 1421 1119 1494 bre·

100 1535 233 1621 ritate,
250 1547 315 1605 aut
334 1531 453 1604 altero
465 1534 505 1604 in
518 1533 633 1606 latere
646 1535 796 1606 laxitate
804 1535 886 1608 fieri
904 1538 1116 1629 interdum,

101 1675 264 1740 censeo,
289 1652 340 1722 ita
359 1652 435 1722 lato
468 1651 650 1724 duntaxat
678 1653 869 1743 breviori,
905 1656 935 1727 si
971 1659 1118 1730 socium
1154 1661 1159 1674 '

100 1786 203 1842 teres
219 1770 265 1841 sit
279 1769 414 1857 laxius,
431 1785 496 1840 aut
510 1772 619 1842 tereti
634 1769 835 1859 duntaxat,
862 1773 892 1843 si
916 1774 1035 1846 laxius
1067 1777 1116 1848 sit

99 1889 238 1976 latum,
254 1911 336 1960 rem
346 1887 435 1960 alias
453 1885 606 1977 deberi,
620 1903 725 1986 puto.
742 1893 823 1962 Lati
836 1907 962 1962 autem
981 1896 1119 1967 utrius·

101 2031 177 2105 que
193 2006 334 2076 laxitati
352 2004 480 2076 tribuo
503 2005 609 2102 quod
635 2023 844 2079 retrorsum
874 2023 1019 2099 uterus,
1051 2029 1117 2084 aut

101 2139 323 2194 antrorsum
354 2121 548 2210 concidat,
577 2123 744 2194 velutin
769 2124 927 2196 muliere
950 2126 1004 2197 de
1040 2134 1117 2224 qua

101 2241 238 2339 scripsi
253 2240 301 2313 ad
320 2255 357 2312 te
380 2237 537 2338 epistola
554 2243 651 2311 XLV
663 2240 738 2338 (4);
765 2265 982 2339 quanquam
1004 2245 1043 2313 in
1071 2269 1115 2315 ea

101 2360 298 2456 aliquanto
330 2359 456 2430 minus
485 2358 632 2446 laxum,
665 2359 836 2430 minusve
866 2359 979 2432 breve
1013 2363 1115 2434 sinis-

100 2491 205 2549 trum
241 2474 372 2565 fuerit,
399 2491 574 2575 oportet,
606 2501 692 2547 oum
720 2491 851 2549 uterus
880 2480 1031 2550 sinistro
1061 2480 1113 2551 la·

99 2597 171 2668 teri
189 2596 348 2694 propior
362 2593 670 2692 essetaiiquanto.
686 2597 798 2666 Nunc
807 2595 974 2694 reliquas
984 2599 1113 2697 accipe

100 2714 396 2786 observationes.
504 2783 506 2788 ,
862 2731 866 2739 ·

149 2833 211 2930 37.
234 2831 517 2902 Mulieriannos
537 2845 631 2902 natae
642 2830 794 2928 triginta
811 2830 1005 2927 quinque,
1025 2856 1112 2902 cum

101 2949 281 3038 iactaret,
310 2950 458 3020 vomica
493 2950 533 3019 in
563 2948 746 3046 pulmone
778 2935 858 3018 non
884 2949 936 3018 ita
961 2947 1112 3046 pridem

100 3083 215 3168 rupta
234 3083 323 3140 erat.
345 3071 445 3138 Dum
465 3091 536 3165 pus
561 3080 803 3163 expectorare
832 3067 980 3164 potuit,
1011 3067 1110 3138 vixit.

101 3192 200 3259 Cum
217 3181 471 3284 expectoratio
488 3183 649 3256 biduum
667 3182 908 3271 substitisset,
940 3186 980 3252 in
997 3207 1111 3254 noso·
1135 3215 1142 3232 ⁵

101 3306 229 3376 comio
251 3305 377 3375 vivere
396 3301 505 3374 desiit
523 3303 623 3372 inter
650 3301 756 3372 initia
781 3299 993 3372 decembris
1021 3303 1112 3374 anni

107 3427 210 3520 1740.
232 3420 431 3494 Cadaveris
446 3443 527 3491 non
545 3419 736 3507 emaciati‚
766 3434 823 3505 et,
860 3420 890 3490 si
916 3417 1111 3493 thoracem

209 3702 306 3780 Epist.
325 3719 378 3778 29,
391 3723 422 3758 n.
441 3721 476 3759 η
490 3713 520 3759 et
537 3720 593 3778 πο,
608 3714 637 3760 et
649 3703 743 3778 Epist.
759 3701 815 3772 35,
827 3721 858 3762 n.
874 3703 921 3761 ιδ.
963 3693 964 3698 ’

207 3799 414 3879 Anthropogr.
426 3803 446 3860 1.
459 3821 491 3874 a,
503 3821 528 3859 c.
542 3800 590 3859 35.

1266 1487 1274 1521 Ι
