2872 4660
127 460 199 506 nm.
228 459 284 505 111.
313 459 360 504 nr
386 458 523 508 uoums
541 447 712 522 vaurms,
738 459 850 506 rrisr.
877 462 1004 508 xnvui.
1044 439 1087 509 61

81 574 179 645 ciem
195 573 410 671 pertinens,
433 586 475 643 ut
500 571 547 643 ab
566 587 726 668 utraque
746 573 886 667 pariter
900 576 1094 671 conspice·

83 705 200 762 retur.
215 693 351 761 Totum
370 713 414 760 ex
436 687 521 760 alba
536 687 732 760 constabat
742 688 969 779 substantia,
995 694 1094 764 inter

83 833 122 880 se
140 805 286 904 ubique
306 805 438 894 simili,
459 829 529 878 nec
550 805 728 894 duriore,
764 830 878 903 quam
902 810 982 906 ipsa
1012 811 1094 908 pla-

84 939 206 996 centa.
228 929 283 996 Ex
301 923 509 1026 eademque
529 919 615 993 alba¹
636 923 842 994 substantia
859 925 898 994 in
922 925 1095 1022 placenta

82 1041 367 1141 quoquealtera
386 1065 524 1139 corpus
534 1041 624 1130 luit,
642 1042 708 1113 sed
717 1043 758 1112 in
771 1067 938 1114 convexa
946 1058 1094 1116 tantum

83 1158 200 1250 facie,
218 1184 347 1256 neque
360 1160 481 1254 majus
497 1182 615 1257 parvo
632 1160 764 1231 cicere.

139 1273 196 1348 25.
216 1286 391 1348 Attamen
405 1277 545 1373 gemini
557 1275 671 1348 ambo
689 1302 793 1374 aeque
807 1293 934 1367 erant,
951 1293 993 1350 ut
1003 1278 1107 1370 dixi,

83 1371 393 1483 benevalentes5
406 1407 448 1464 ut
462 1391 569 1465 facile
586 1393 836 1492 intelligeres,
861 1420 909 1466 ne
923 1421 944 1466 a
962 1398 1096 1493 majori

87 1514 243 1612 quidem
254 1511 342 1584 albo
356 1535 519 1610 corpore
530 1511 741 1610 quidquam
752 1511 967 1586 detrimenti
984 1513 1096 1589 fuisse

84 1627 246 1704 illatum.
263 1631 300 1700 Si
310 1627 450 1702 diutius
460 1630 500 1699 in
510 1644 620 1702 utero
640 1629 681 1698 hi
705 1655 927 1728 permanere
947 1632 1098 1706 debuis-

89 1764 198 1837 sent,
215 1773 309 1820 num
333 1745 429 1820 forte
459 1745 682 1845 amplificari
705 1750 915 1846 potuissent
938 1755 980 1823 ea
1014 1777 1099 1824 cor-

89 1891 208 1966 pora,
233 1880 297 1938 aut
318 1867 358 1935 in
387 1890 470 1938 eam
490 1882 716 1938 structuram
745 1869 904 1940 transire
924 1895 1038 1967 quam
1057 1874 1097 1944 in

85 1986 188 2057 illius
206 1984 358 2055 alterius
378 1982 489 2066 foetus
504 1984 678 2082 placenta
696 1988 897 2083 proposui,
918 1988 1028 2060 sicuti
1048 2015 1096 2062 an

89 2103 191 2176 idem
225 2126 344 2200 genus
363 2116 459 2173 esset
488 2102 584 2189 vitii,
613 2101 675 2172 hic
697 2103 841 2189 minus,
865 2102 942 2174 illic
973 2121 1099 2178 autem

89 2223 209 2319 magis
219 2235 440 2319 provectum
454 2273 463 2307 ,
477 2244 524 2289 an
540 2217 717 2307 alterum,
736 2221 882 2291 nescire
896 2246 955 2293 me
967 2220 1096 2296 fateor.

90 2340 233 2412 Vitium
253 2352 332 2410 erat
353 2353 475 2426 certe,
501 2336 606 2433 quod
634 2337 663 2408 si
692 2335 739 2406 ad
762 2337 857 2408 illud
875 2338 1013 2414 addere
1034 2369 1099 2414 vo·

90 2456 227 2545 lueris,
246 2456 353 2552 cujus
370 2478 485 2554 supra
505 2454 577 2552 (t),
590 2453 794 2551 quemdam
812 2453 941 2528 foetum
960 2457 1100 2531 descri-

91 2574 247 2663 bentes,
276 2574 509 2644 mentionem
540 2569 719 2660 fecimus;
745 2597 824 2643 non
853 2577 938 2664 uni,
958 2593 1100 2673 praeter

90 2694 182 2766 alios
220 2693 339 2790 magis
365 2692 405 2760 in
427 2690 562 2788 vulgus
589 2706 718 2776 notOS,
748 2715 827 2763 esse
865 2693 1001 2794 morbo
1032 2696 1100 2768 ob·

91 2812 245 2883 noxiam
260 2810 493 2907 placentam,
523 2806 706 2879 fateberis.
729 2810 803 2898 Qui
832 2810 862 2880 si
893 2811 1099 2907 plurimum

94 2953 132 3000 se
173 2926 371 3015 extendat;
409 2927 501 3023 quin
539 2925 695 2998 abortus
730 2951 860 3015 causa,
892 2932 1100 3029 mortisque

94 3045 207 3122 foetus
227 3069 305 3118 esse
319 3045 457 3144 possit,
479 3069 557 3115 non
575 3043 726 3115 videtur
754 3045 1017 3142 dubitandum.
1042 3053 1101 3124 si'c

96 3166 250 3238 enimet
267 3161 408 3234 skirrhi
424 3161 604 3260 placentae
617 3162 759 3248 solent,
779 3165 818 3233 in
834 3189 930 3262 quos
947 3163 1101 3244 fortasse

97 3280 356 3352 animadversa
372 3304 392 3349 a
410 3277 521 3350 nobis
541 3279 630 3349 vitia
656 3277 820 3352 decursu
841 3285 1021 3380 temporis
1043 3284 1104 3372 de-

100 3411 350 3496 generassent.
366 3395 553 3468 Abortum
565 3397 665 3465 enim
679 3396 768 3469 inde
783 3397 958 3470 viderunt
975 3401 1018 3471 cl.
1034 3405 1104 3474 viri
1226 3453 1228 3458 -

98 3519 151 3586 Jo.
169 3516 310 3587 Sebast.
330 3511 554 3584 Albreehtus
565 3511 623 3609 (a)
636 3527 672 3584 et
689 3519 745 3584 Jo.
759 3519 885 3588 Justus
897 3515 1104 3619 Fickiust3)

156 3821 169 3858 1
206 3802 245 3857 N.
270 3799 297 3858 5.
482 3843 484 3848 .
635 3833 640 3846 .

140 3799 186 3978 lal
207 3904 276 3958 Act.
294 3901 331 3956 N.
347 3901 380 3956 C.
396 3879 468 3956 tom.
485 3905 517 3970 4,
532 3900 596 3956 obs.
613 3909 679 3970 104.

145 4001 190 4080 (3)
211 4003 380 4059 Commere.
395 4000 484 4058 litter.
499 4018 547 4057 an.
567 4001 659 4072 1732,
671 3998 760 4060 hebd.
774 4011 839 4056 ao.⁸
