2816 5282
331 467 404 554 604
497 495 543 541 nr,
570 491 715 540 sumnus
741 491 785 540 nr
809 493 934 542 causis
960 495 1163 542 nonronnn

333 605 447 701 gitur,
460 621 508 677 ut
518 608 557 674 in
571 607 680 678 tertia
697 631 780 703 qnae
794 605 841 677 ab
855 607 1006 680 laudato
1017 597 1161 680 Bohnio
1177 608 1224 706 (1)
1237 633 1298 706 pro·

330 719 470 792 dicitur
501 721 680 808 historia,
708 725 748 793 in
775 749 848 822 qua
876 741 1070 822 pertusum
1105 741 1180 798 erat
1200 727 1297 798 vesica
1357 759 1358 826 3

330 836 449 926 latus,
476 842 644 938 itemque
660 858 701 912 ut
719 843 758 912 in
779 867 823 913 ea
837 843 972 914 ancilla
991 844 1037 914 de
1056 870 1132 942 qua
1145 845 1234 914 Alex.
1249 848 1297 913 Ca·
1357 827 1358 840 ¹

328 957 510 1029 merarius
520 957 592 1055 (a),
611 959 768 1056 trajecto
782 983 849 1057 per
865 960 1028 1031 mediam
1051 962 1149 1032 uteri
1165 959 1294 1032 substan-

329 1072 439 1162 tiam,
454 1074 620 1172 indeque
633 1098 700 1173 per
710 1076 871 1146 vesicam
888 1079 1029 1174 pariter
1039 1077 1298 1175 mediampiun·

299 1271 300 1274 Ἴ
329 1189 403 1262 beo
416 1191 581 1288 globulo.
602 1199 731 1290 ltaque
753 1192 800 1263 ad
817 1209 968 1263 uterum
994 1195 1148 1264 tandem
1163 1192 1298 1291 perveni·

330 1333 434 1395 mus,
457 1310 562 1405 cnjus
588 1311 762 1399 sauciati,
791 1326 926 1409 praeter
960 1310 1034 1382 hoc
1062 1315 1183 1408 ipsum
1205 1335 1297 1380 exen-

330 1425 456 1522 plum,
485 1429 555 1497 alia
579 1429 763 1525 reperies,
790 1430 830 1496 in
856 1427 1017 1525 gravidis
1043 1429 1254 1526 praesertim,
1274 1427 1298 1494 in

328 1543 466 1638 quibus
494 1535 593 1616 certe
618 1562 762 1642 quanto
788 1544 932 1617 facilius
961 1546 1182 1618 vulneribus
1209 1559 1296 1642 patet,

327 1675 432 1730 tanto
446 1663 695 1758 periculosius
715 1664 947 1734 vulneratur.
973 1669 1037 1734 Est
1054 1665 1154 1734 inter
1172 1663 1297 1759 disputa·

326 1779 450 1850 tiones
472 1779 717 1878 chirurgicas,
735 1781 783 1852 ab
797 1781 948 1853 Hallero
967 1781 1165 1879 cqllectas,
1183 1776 1295 1851 cxxii

324 1896 364 1966 in
379 1921 453 1994 qua
470 1899 523 1996 (3)
538 1900 741 1970 nonnullas
754 1898 830 1970 huc
851 1915 1062 1997 spectantes
1080 1901 1200 1998 legere
1217 1912 1294 1996 pote-

326 2014 378 2086 ris
385 2013 678 2088 observationes.
689 2016 971 2114 Quodcumque
986 2031 1116 2088 autem
1127 2018 1236 2088 viscus
1244 2037 1296 2084 san·

326 2133 464 2202 ciatum
485 2151 557 2217 est,
583 2135 650 2205 etsi
670 2135 809 2204 indicia
830 2133 968 2204 habeat
990 2158 1073 2222 sua,
1105 2133 1255 2228 illudque
1270 2131 1294 2196 in

326 2249 457 2346 primis
470 2251 574 2348 quod
593 2277 638 2322 ex
651 2267 825 2322 anatome
844 2252 1027 2350 suppetit,
1045 2253 1204 2349 propriae
1216 2247 1296 2329 sedis3

325 2368 534 2440 cavendum
548 2385 603 2442 est
623 2385 765 2458 tamen,
785 2369 992 2467 nequando
1011 2369 1057 2440 ab
1084 2369 1158 2440 hoc
1175 2370 1243 2466 ipso
1255 2365 1295 2433 de·

324 2487 523 2584 cipiantur,
541 2489 782 2559 immemores
798 2487 1019 2558 varietatum
1044 2509 1130 2583 quae
1150 2511 1218 2556 non
1235 2505 1293 2552 raro

324 2621 548 2693 occurrunt,
563 2607 663 2677 velut
681 2609 719 2676 in
740 2622 849 2677 utero
867 2606 906 2674 in
923 2605 1084 2676 alterum
1108 2606 1200 2676 latus
1215 2599 1293 2672 incli-

324 2739 431 2812 nato,
460 2725 582 2793 autin
604 2725 689 2795 colo
718 2725 923 2822 praesertim
955 2723 1140 2794 intestino
1163 2749 1182 2794 a
1206 2736 1294 2792 trans-

201 2903 204 2908 .
321 2865 428 2914 versa
441 2841 504 2910 illa
516 2840 602 2912 sede
621 2865 732 2938 quam
746 2842 918 2939 superius
934 2839 1073 2911 habere
1099 2836 1293 2926 solet,deor·

322 2985 403 3032 sum
422 2962 555 3057 magis,
571 2959 741 3030 minusve
761 2956 922 3044 inflexu,
940 2957 1060 3026 autin
1078 2958 1250 3052 jecinore,
1263 2949 1293 3019 de

321 3103 398 3175 quo
417 3077 445 3148 si
466 3101 544 3146 non
566 3075 624 3147 his
641 3075 688 3145 ad
710 3091 747 3146 te
765 3075 954 3173 epistoliS,
985 3089 1021 3144 at
1037 3075 1077 3144 in
1103 3081 1119 3144 Ι
1146 3070 1291 3144 anatomi-

321 3219 448 3266 carnm
467 3194 521 3292 (4)
542 3193 635 3291 quid
656 3193 763 3264 aliter
779 3194 818 3263 in
839 3193 919 3264 aliis
937 3191 1113 3280 viderim,
1144 3182 1289 3266 indicavi,

215 3349 220 3365 =
319 3327 361 3382 ut
379 3315 417 3382 in
442 3312 671 3384 adversariis
696 3312 807 3383 etiam
833 3315 866 3382 ΙΙ
893 3309 947 3407 (5)
966 3309 1034 3381 uhi
1052 3326 1089 3381 et
1118 3310 1162 3380 de
1183 3302 1291 3378 ventri-
