2816 5282
116 493 182 539 tur.
198 492 245 539 1v.
267 493 313 538 nr
323 465 459 542 storius
474 491 672 557 eumuna,
687 484 970 542 etc.rtr1sr.t1u.
1001 471 1070 544 523
1085 491 1088 506 ·

73 606 286 703 scrupulus,
311 607 342 678 si
365 606 556 692 eamdem,
591 621 632 677 ut
660 607 794 694 semel,
819 609 1075 707 iterumquea

73 723 136 795 cel.
155 722 304 822 fillo(r)
322 737 376 796 est
388 739 518 820 postea
533 724 656 814 edite,
690 725 884 823 perlegere
898 726 1074 797 volueris.

73 845 132 914 Est
146 840 300 938 quidem
318 841 356 912 in
377 841 613 940 Sepulchreti
639 843 761 930 calce,
782 843 898 914 altera
911 844 1077 941 parentis

73 955 282 1030 observatio
308 960 363 1056 (2)
398 961 437 1030 in
471 986 517 1032 eo
546 961 610 1058 qui
626 967 782 1033 vixerat
802 985 843 1059 17
865 959 962 1049 dies,
990 984 1077 1031 cum

74 1091 167 1148 esset
187 1077 308 1150 cordis
324 1093 468 1177 septum
488 1085 525 1150 in
555 1081 638 1151 basi
651 1079 909 1168 vulneratam,
924 1078 1080 1152 vulnere

74 1191 198 1266 leviter
212 1209 435 1292 penetrante
468 1191 656 1267 sinistrum
683 1197 953 1286 ventriculum,
983 1211 1021 1267 et
1040 1201 1078 1265 in

74 1309 208 1382 dextro
222 1312 402 1407 finiente,
420 1314 514 1394 sive,
538 1329 581 1384 ut
598 1310 698 1384 filius
719 1312 787 1410 (3),
804 1329 935 1413 postea
956 1312 1079 1394 ,edidit

77 1429 229 1502 vulnere
254 1430 382 1503 leviter
407 1438 632 1528 attingente,
661 1432 736 1504 sive
762 1432 889 1504 leviter
922 1430 1081 1504 lactente

73 1552 260 1620 sinistram
280 1549 402 1623 cordis
426 1551 690 1638 ventriculum,
708 1556 801 1622 etin
823 1549 998 1622 dextram
1014 1575 1083 1648 pe·
1159 1608 1163 1626 ι

73 1681 263 1753 netrante,
287 1682 330 1740 ut
347 1665 453 1740 facile
473 1669 670 1764 conjicias,
690 1695 716 1740 a
731 1675 834 1758 tenui
850 1683 888 1740 et
892 1682 1079 1767 peracuto

68 1783 203 1879 gladio
224 1807 293 1883 per
309 1799 460 1882 septum
488 1785 642 1882 oblique
659 1785 808 1872 adacto,
836 1785 959 1858 obiter
979 1809 1082 1882 pers-

73 1902 227 1971 trictum
270 1903 480 1990 sinistrum,
512 1917 685 2000 apertum
721 1919 876 1990 autem,
912 1904 1083 2000 quamvis

70 2043 194 2116 pareo
203 2018 404 2110 foramine
417 2045 496 2090 non
517 2043 623 2092 secus
642 2035 754 2119 atque
772 2023 810 2091 in
826 2019 889 2091 illa
908 2019 1083 2092 alterode

73 2161 150 2233 qua
164 2137 330 2233 primum
346 2137 440 2215 (lixi,
452 2137 731 2224 observatione,
747 2136 858 2210 fuisse
873 2137 1081 2210 dexterum.

72 2257 128 2324 Ne
147 2255 287 2326 veroin
309 2255 466 2327 historia
485 2255 625 2328 haereas
641 2281 724 2353 quur
743 2257 782 2326 in
800 2254 969 2327 eamdem
984 2253 1083 2324 hanc
1149 2317 1150 2321 ,

76 2371 282 2443 sectionem
300 2371 354 2468 (4)
371 2398 415 2443 ex
430 2375 595 2444 Henrico
613 2373 660 2445 ab
677 2378 776 2445 Heer
794 2387 849 2444 est
860 2371 993 2458 relata,
1011 2395 1086 2442 cre-

77 2488 183 2576 dens,
207 2491 294 2586 quia
316 2492 434 2561 basim
461 2489 586 2562 cordis
604 2494 757 2588 ejusque
769 2513 904 2561 conam
923 2514 1007 2560 cum
1033 2495 1085 2560 in·

79 2612 177 2702 si'gni
190 2605 417 2678 laceratione
440 2611 777 2680 transverberatum
791 2604 911 2706 globis
931 2606 1086 2703 sclopeti

76 2723 223 2795 duobus
231 2722 409 2813 offendit,
422 2725 561 2798 vulnus
573 2726 612 2797 in
627 2727 717 2800 sinis
729 2725 1084 2797 trumventriculum

75 2843 307 2938 perveni-sse3
337 2857 454 2914 totam·
483 2842 583 2939 lege,
616 2867 895 2942 agnoscesque,
924 2845 964 2912 in
994 2869 1085 2915 neu-

75 2973 176 3029 trum
199 2975 433 3057 penetrasse,
461 2985 587 3058 neque
614 2963 713 3032 enim
744 2957 970 3030 mirantibus
993 2983 1086 3054 quo·

77 3076 254 3147 modoad
275 3077 439 3175 septimae
458 3077 533 3148 diei
548 3075 666 3148 ‘finem
687 3073 969 3175 potuissetaegri
986 3074 1086 3146 illius

78 3196 150 3265 vita
170 3195 349 3292 produci,
376 3192 585 3268 satisfacere
610 3193 799 3282 licuisset,
827 3189 1086 3278 ostendendo,

78 3329 120 3382 ut
143 3331 232 3384 tunc
258 3311 387 3384 fecisse
411 3337 448 3384 se
479 3313 587 3401 dicit,
614 3311 800 3409 majorum
824 3309 984 3407 dogma,
1003 3309 1086 3381 sola

81 3429 206 3502 cordis
219 3433 428 3502 substantia
446 3431 557 3520 laesa,
575 3436 609 3502 si
634 3429 689 3502 ad
704 3427 1087 3516 ventriculosvalnus

83 3591 1087 3631 *ww—-
