2812 4656
173 415 243 472 tn.
264 413 313 469 rt.
332 421 380 469 nr
393 413 531 469 nornis
544 414 741 485 curreret,
756 409 825 471 ete.
843 423 956 474 rrrsr.
975 406 1018 474 ἰὲ
1037 419 1104 503 271

91 527 155 610 bis
174 552 218 608 ut
233 536 306 608 hos
324 515 560 632 longe⁸alios
585 559 628 607 ac
661 535 822 633 lymphae
857 535 994 610 ductus
1029 563 1108 613 esse

91 657 340 753 conjecisset,
358 652 499 745 horum
520 652 657 739 officii,
677 669 714 725 et
729 669 925 726 structure
942 680 1107 729 memore

93 777 137 846 in
155 773 297 846 caeteris
310 787 455 858 autem,
479 795 561 869 qum
581 788 663 842 mea
687 787 792 860 sunt,
810 772 904 844 mihi
923 759 1107 850 tribuere:

93 917 183 992 quae
202 915 282 962 non
302 906 408 974 sunt,
428 915 470 962 ea
489 910 581 960 vero
600 889 757 962 mihine
773 891 961 989 assignare
975 894 1111 968 voluis-

94 1026 176 1096 set,
190 1024 251 1096 ut,
265 1007 426 1104 exempli
439 1010 579 1105 gratia,
596 1007 663 1078 ubi
679 1006 787 1078 dicor
796 1008 843 1080 ad
861 1011 1111 1107 inquirendos

94 1129 199 1199 illius
216 1125 402 1225 glandulae
421 1124 650 1196 canaliculos
668 1124 910 1222 prohibuisse
931 1135 1026 1202 aeris
1043 1131 1111 1200 im·

95 1247 341 1332 missionem,
361 1259 426 1314 aut
455 1242 630 1338 rejecisse
657 1243 844 1341 gleudulae
863 1249 1111 1344 compressio-

96 1385 198 1434 nem.
216 1365 354 1434 Nonne
374 1361 463 1432 satis
491 1376 547 1432 est
579 1361 639 1434 vel
670 1363 963 1437 conniventibus
991 1366 1111 1439 oculis

96 1503 214 1552 unam
237 1494 302 1550 aut
318 1479 473 1550 alteram
503 1480 680 1577 paginam
709 1481 915 1578 inspexisse
944 1484 1110 1581 epistolae

96 1599 200 1670 illius
220 1597 275 1694 (1)
307 1611 350 1668 ut
376 1607 554 1694 appareat
582 1619 677 1668 num
713 1599 815 1670 aeris
840 1600 1113 1674 immissionem
1207 1584 1210 1598 ’

97 1715 394 1815 prohibuerim?
411 1735 504 1785 num
525 1715 711 1813 glandulae
725 1719 1045 1814 compressionem
1058 1744 1114 1792 ra-

94 1834 285 1931 jecerim?
316 1837 430 1904 Caute
461 1832 563 1904 illam
597 1854 640 1904 au
673 1833 809 1905 leniter
842 1835 1112 1910 instituendam

97 1973 180 2026 esse
209 1951 410 2024 admon-ni:
436 1951 541 2049 quod
559 1951 681 2050 prebe
708 1952 893 2024 intellexit
913 1955 1030 2026 solers
1055 1959 1114 2028 vir

98 2071 300 2144 Boeclerus
322 2072 402 2167 (s),
429 2089 518 2142 enm
544 2069 768 2142 dissentiens
791 2071 838 2140 ab
877 2071 1106 2170 disquisitio-

96 2206 193 2261 num
208 2202 385 2275 auctore,
411 2213 448 2260 se
466 2195 497 2258 a'
508 2189 600 2260 meis
618 2202 719 2259 stare
736 2189 912 2285 portibus
938 2192 1106 2289 scripsit3

97 2330 188 2378 nam
207 2329 284 2377 non
300 2309 552 2397 nisifisrn'ter,
578 2307 721 2403 inquit,
741 2313 904 2378 vesicam
921 2331 1035 2382 unam
1052 2317 1108 2382 im
1189 2361 1192 2372 ι

85 2424 248 2523 flenda,
275 2423 461 2520 reliquas,
479 2445 547 2496 nee
564 2445 711 2503 omnes,
738 2422 882 2495 elevare
891 2434 1106 2523 potuimus,

98 2557 141 2615 ut
155 2541 242 2614 hinc
259 2561 386 2612 nerem
406 2547 445 2611 in
461 2541 680 2618 cellulosam
695 2541 809 2612 telam
820 2567 917 2614 vaso
944 2543 1105 2618 deroma

89 2659 242 2759 pendo,
260 2665 365 2732 uiam
382 2659 457 2729 sibi
467 2665 682 2756 patavine,
707 2665 832 2756 sicque
861 2675 980 2732 totam
998 2664 1105 2759 glan-

97 2773 229 2850 dulam
252 2783 468 2848 intumuisse
488 2777 692 2848 credamus.
720 2781 1009 2874 Compressione
1037 2805 1105 2854 uuF

97 2913 174 2968 tem
192 2896 308 2992 hujus
328 2893 511 2993 glandule
532 2897 681 2993 quoties
714 2913 804 2967 usus
834 2897 921 2985 sim,
944 2923 1022 2970 non
1047 2925 1109 2972 sou
1187 2924 1191 2937 ¹

98 3015 178 3085 lum
208 3039 287 3084 non
308 3013 457 3100 retinui,
484 3012 550 3084 sed
577 3014 735 3110 insuper
763 3037 896 3084 eorum
917 3016 984 3112 qui
1002 3016 1105 3088 illam

97 3131 271 3202 inutilem
285 3129 449 3228 probare
468 3129 627 3215 vellent,
645 3132 830 3202 rationem
854 3131 991 3204 diserte
1004 3131 1107 3206 refu-

99 3251 182 3322 tavi.
202 3248 304 3340 Quid
324 3269 414 3348 ergo
441 3248 531 3320 est?
564 3252 622 3318 An
643 3249 740 3318 ratio
770 3251 839 3320 ista
868 3273 982 3347 quam
999 3252 1108 3333 ,alter

98 3367 199 3466 apud
213 3389 273 3437 me
290 3419 300 3448 ,
317 3367 436 3464 ipsam
450 3388 539 3436 mox
550 3366 802 3460 rejicientem,
821 3370 1021 3467 proponit,
1035 3395 1106 3469 pro

99 3507 181 3557 mea
197 3482 293 3556 forte
315 3483 362 3554 ab
396 3508 442 3556 eo
469 3485 536 3582 qui
559 3481 739 3556 festinans
763 3484 923 3584 legeret,
955 3503 1107 3588 accepta

99 3601 191 3675 fuit?
207 3602 366 3675 Videtur
377 3601 520 3698 aliquid
545 3601 733 3699 ejusmodi
750 3598 855 3676 facile
876 3607 917 3679 in
936 3629 1104 3678 errorem

139 3884 183 3967 (1)
205 3889 243 3944 N.
267 3885 304 3943 36
318 3896 347 3942 et
360 3882 407 3956 37.

138 3989 186 4065 (a)
206 3987 330 4044 Dissert.
346 3984 397 4042 eit.
410 3995 472 4040 not.
481 3983 512 4055 f
521 3985 560 4042 ad
576 3989 590 4054 S
605 3985 632 4042 Β.
