2816 5282
310 451 379 524 582
475 475 523 522 nr
548 473 697 524 sumnus
722 475 766 522 ur
792 471 918 524 cnusrs
942 473 1146 528 nonnosum

307 589 403 662 terit.
417 591 559 660 Ventre
579 602 729 684 aperto,
748 585 971 661 causaunde
989 601 1150 660 tumeret
1161 587 1283 661 iuventa

307 707 544 804 est‚sanguis
561 701 712 793 effusus.
732 705 1284 800 lnnonnullisojuscaveaemem-
1354 759 1355 804 ᾗ

307 823 437 896 branis
456 822 644 922 sugillatio
674 821 1055 904 animadvertebatur.
1079 826 1162 912 Quo
1186 838 1285 894 tanen
1354 815 1355 892 ζ

309 965 356 1028 ex
381 955 494 1042 rupto
514 965 599 1014 vase
630 938 836 1014 effluxisset
856 941 1027 1040 sanguis,
1057 938 1201 1014 difficile
1227 941 1285 1008 ent

309 1056 609 1160 deprehendere.
637 1063 778 1133 verum
811 1059 1000 1156 conjicere
1029 1057 1164 1132 licebat
1187 1082 1224 1130 ex
1244 1079 1286 1126 ra·

235 1193 243 1216 “
309 1201 374 1249 mo
388 1201 491 1250 venre
508 1200 622 1266 cavae,
636 1191 839 1276 propterea
854 1177 959 1273 quod
973 1175 1053 1251 haec
1071 1177 1286 1252 omninoent

309 1295 463 1366 inanita.

362 1435 415 1508 ¹9·
438 1415 483 1482 Et
502 1435 649 1484 sanem
668 1411 788 1486 altero
806 1411 872 1508 qui
892 1411 1018 1510 lapsus
1038 1435 1083 1485 es
1104 1409 1178 1482 alto
1195 1406 1287 1478 brerat

309 1529 534 1627 sanguinem
558 1529 720 1600 multum
741 1531 783 1602 in
798 1531 941 1602 ventris
962 1553 1115 1604 caveam
1138 1553 1180 1600 er
1197 1522 1287 1597 fractu

308 1669 404 1718 vena
424 1669 513 1718 cava
530 1641 690 1718 effusum
707 1639 872 1724 lacobus
890 1647 1058 1745 Sylvius,
1070 1663 1114 1721 ut
1132 1648 1170 1720 iu
1184 1640 1286 1742 Sepul-

309 1762 440 1836 chreto
460 1787 615 1862 quoque
633 1763 691 1862 (1)
706 1763 848 1854 hahes,
871 1765 962 1838 olim
985 1765 1189 1863 conspexit.
1212 1756 1289 1851 Quid

309 1881 462 1954 veroin
486 1882 642 1980 virginis
668 1899 824 1969 ventre,
847 1907 930 1980 quae
947 1882 995 1956 ab
1019 1857 1287 1960 atto-cicinni,

309 1997 481 2073 Valsalva
498 1999 706 2084 invenerit,
734 1999 824 2072 alias
845 2000 902 2096 (α)
920 2024 941 2069 a
959 2023 1021 2077 me
1046 1999 1117 2072 tibi
1135 1998 1285 2095 scriptum

311 2130 375 2188 est.
400 2119 509 2188 Nunc
535 2141 616 2214 quae
646 2115 694 2190 ad
724 2115 901 2206 lumbos,
944 2141 1109 2215 eamque
1146 2113 1286 2188 viciniam

313 2231 488 2320 vulnera,
512 2235 655 2308 ictusve
679 2234 867 2334 descripta
883 2235 1101 2333 reliquerit,
1119 2233 1285 2306 videamus

364 2376 422 2426 20.
437 2353 505 2450 Vir
521 2377 624 2424 anno
643 2355 838 2452 proximus
858 2346 1289 2452 quadragesimo,duohus

314 2470 473 2567 sclopeti
489 2469 613 2568 globis
628 2469 792 2544 adhunc
810 2469 967 2552 modum
985 2468 1286 2545 transverberatur.

313 2587 477 2686 Ingressi
503 2603 591 2658 sunt
606 2587 709 2687 globi
726 2589 773 2660 ad
795 2588 892 2660 latus
918 2585 1119 2661 dexterum
1138 2579 1288 2660 secunde,

310 2717 348 2774 et
365 2704 482 2774 tertiae
492 2703 711 2778 lumborum
729 2702 913 2782 vertebrae
929 2727 940 2794 ;
958 2730 1036 2778 uno
1049 2704 1220 2779 duntaxat
1234 2694 1284 2772 sihi
1354 2689 1355 2758 l

310 2832 442 2919 aperto
470 2817 674 2897 foramine:
702 2827 874 2900 exierunt
892 2822 1090 2923 duplicato
1115 2817 1287 2897 foramine,

309 2937 445 3036 majori
455 2965 555 3030 uno,
575 2941 714 3014 minori
734 2943 872 3040 altero,
890 2967 935 3019 cx
948 2939 1164 3020 abdominis
1175 2933 1286 3016 medio,
1354 2929 1355 2970 ³

311 3055 462 3129 duobus
487 3059 868 3134 circitertransversis
889 3058 1017 3160 digitis
1033 3083 1146 3158 supra
1165 3047 1283 3128 umbili-
1354 3111 1355 3136 2

312 3197 409 3244 cum.
438 3174 669 3248 Vul'neratus
693 3177 741 3250 sd
766 3178 894 3252 locum
911 3201 997 3258 non¹
1017 3175 1132 3274 longo
1148 3171 1284 3246 dissitum

313 3313 350 3360 se
370 3289 532 3380 confert,
562 3292 628 3364 uhi
645 3318 666 3366 a
691 3294 874 3394 chirurgo
895 3292 1062 3376 remedia
1082 3289 1283 3368 adhibentur.

195 3477 198 3484 .
268 3437 272 3443 ·
314 3405 409 3477 Hinc
431 3407 478 3480 de
498 3409 713 3483 vehementi
730 3411 863 3484 dolore
882 3412 1078 3511 queritur:
1104 3421 1214 3484 erecta
1230 3420 1285 3472 cer·

182 3572 195 3622 3
308 3510 1284 3629 vice‚necsineanhelitu‚spirarecogitur3nonsemel

314 3640 455 3712 vomit:
476 3642 633 3734 lotium,
656 3645 721 3720 sed
744 3647 949 3736 incassum,
963 3645 1124 3720 reddere
1140 3649 1285 3715 conatur:
1354 3671 1355 3716 3

321 3759 1277 3844 W
1354 3723 1355 3806 l

353 3922 398 3999 (ι)
419 3927 497 3984 Sect.
510 3923 566 3982 hec
582 3927 645 3984 obs.
662 3929 715 3999 28,
731 3930 788 4000 56.

349 4021 368 4097 i
386 4019 396 4099 )
417 4025 511 4102 Epist.
530 4036 582 4098 to,
601 4046 632 4083 n.
646 4046 675 4102 9.
