2816 5282
308 413 381 504 tat
422 477 426 486 .
478 437 527 485 ns
552 429 701 484 ssnrrns
723 435 770 484 rr
792 432 918 486 nausis
942 437 1151 488 noseorum

309 569 373 628 tur
404 565 666 625 coacervatum
711 552 1046 650 constipatumque
1081 553 1122 624 id
1153 551 1294 628 effecisse

312 671 439 772 quod,
464 683 623 769 propter
658 670 846 740 internam
872 693 1020 741 oausem
1052 671 1091 742 in
1123 671 1294 770 pericardii

311 790 449 888 integri
485 807 617 858 cavum
654 782 821 874 effusus,
860 802 1012 884 potest,
1036 805 1081 861 ut
1124 789 1209 862 alibi
1234 795 1295 885 (1)

315 923 372 980 est
389 905 615 992 indicatum,
633 901 793 975 efficere.
813 905 927 996 Quod
946 931 1037 981 vern
1062 931 1146 994 cor,
1168 908 1298 1006 pericar-

315 1025 380 1098 dio
389 1025 503 1098 illaeso
510 1069 524 1111 ,
554 1037 709 1120 ruptum
742 1023 810 1110 sit,
829 1045 978 1095 causam
1011 1024 1165 1121 quidem
1184 1025 1298 1096 Boirel·

313 1145 375 1217 lus
405 1166 444 1215 se
479 1141 652 1240 proxime
683 1138 942 1212 indicaturum
967 1143 1207 1239 promiserat,
1233 1167 1298 1214 eun

314 1281 419 1338 suam
449 1257 567 1333 edidit
592 1255 897 1330 observationem
918 1261 980 1354 (a).
1011 1258 1084 1330 Sed
1107 1285 1198 1330 num
1218 1283 1300 1358 pres

316 1381 434 1452 titerit
460 1377 631 1448 invenire
649 1399 728 1446 non
749 1376 867 1473 potui.
900 1379 1061 1448 Vaterus
1090 1392 1215 1450 autem
1231 1375 1300 1474 quid

318 1499 518 1593 cogitaret,
556 1493 596 1564 in
626 1492 727 1564 calce
764 1494 845 1589 ejus
879 1493 1183 1584 observationis,
1225 1493 1300 1564 vide

317 1615 387 1687 bis.
411 1610 506 1684 Mihi
523 1610 699 1708 quidem,
718 1611 879 1684 aliorum
896 1613 1056 1710 cogitata
1079 1639 1164 1685 non
1188 1615 1301 1711 impro·

318 1731 440 1820 banti,
460 1750 550 1817 sane
567 1728 634 1800 ubi
657 1728 705 1802 de
729 1729 865 1817 eorde,
882 1745 948 1802 aut
960 1732 1108 1804 arteriis
1131 1727 1302 1830 agitur,ab

320 1851 399 1930 ictu
416 1849 587 1946 corporis
609 1871 720 1944 aquo
739 1869 819 1919 non
847 1849 1109 1948 attingantur,
1136 1847 1303 1947 disruptis,

318 1965 539 2038 addendum
552 1963 703 2036 videtur
719 1964 880 2062 idqnod
891 1967 1053 2038 Lenoius
1068 1959 1128 2064 (3)
1138 1969 1176 2038 in
1191 1965 1305 2038 arteriis

309 2084 370 2172 ,ab
385 2084 497 2156 simili
509 2083 588 2155 ictu
603 2081 802 2155 infirmetis
814 2109 894 2154 non
909 2084 1110 2157 dubitabat
1127 2107 1206 2158 esse
1220 2099 1304 2156 atten-

324 2201 514 2291 dendum,
541 2202 721 2272 nimirum
754 2225 802 2272 en
832 2199 930 2274 forte
949 2205 1148 2302 percussio
1171 2227 1215 2276 eo
1237 2216 1305 2274 tem·

322 2321 428 2418 poris
444 2333 589 2419 puncto
601 2319 824 2416 eontigerit,
840 2336 918 2416 quo
934 2318 1216 2410 dilatabantur3
1238 2333 1305 2388 tunc

322 2439 423 2510 enim
441 2437 490 2510 ab
509 2438 587 2509 ictu
603 2461 683 2507 non
692 2435 934 2525 resedentes,
953 2437 1032 2510 imo
1049 2439 1105 2510 illi
1133 2459 1306 2510 occurren-

321 2569 403 2642 tes,
422 2569 459 2626 et
468 2570 601 2626 contra
625 2555 809 2644 nitentes,
826 2579 899 2627 suae
920 2536 1244 2654 ipsemet'augent
1266 2551 1307 2621 te

326 2666 442 2742 sionis
468 2695 629 2742 causam.
651 2674 803 2762 Quanto
820 2689 946 2744 antem
966 2674 1114 2771 paries,
1136 2699 1204 2772 per
1223 2697 1256 2744 se
1275 2683 1309 2740 te

325 2791 432 2878 nnis,
460 2788 603 2862 dexteri
628 2789 753 2862 cordis
775 2791 997 2878 ventriculi,
1020 2815 1108 2864 cum
1143 2791 1307 2868 dilatatur,

256 2991 258 2998 ,
324 2910 478 2981 tenuior
488 2905 548 2996 fit,
568 2922 674 2980 tanto
692 2909 763 2979 erit
777 2933 883 2981 noxae
903 2934 924 2979 e
942 2910 1192 3008 percussione
1205 2925 1309 3006 oppor-

314 3028 466 3100 tunior.
500 3024 614 3117 Quod
639 3028 670 3098 si
688 3025 803 3098 addas
823 3029 1015 3125 sanguinis
1045 3028 1086 3100 in
1107 3024 1307 3126 quibusdan

324 3143 550 3244 corporibus
584 3143 766 3238 majorem
794 3146 963 3242 copiam,
982 3160 1089 3216 tanto
1112 3146 1230 3244 magis
1245 3160 1307 3212 eum

324 3265 507 3361 parietem
546 3277 583 3334 et
618 3261 814 3334 dilatatum
853 3262 1058 3362 intelliges,
1097 3278 1135 3336 et
1166 3276 1308 3334 extenua·

323 3395 434 3468 tum,
472 3395 510 3452 et
537 3377 694 3464 subitae,
728 3379 1143 3476 vehementissimeque
1180 3395 1307 3478 percus

326 3497 442 3570 sionis
464 3499 502 3568 vi
524 3521 604 3568 non
641 3493 863 3569 difficillime
891 3498 1160 3596 rumpendum.
1186 3500 1307 3568 Necte·

360 3796 401 3878 (ι)
423 3797 516 3874 Epist.
536 3797 589 3870 26,
604 3819 636 3856 n.
657 3795 703 3855 18.
1043 3867 1045 3870 Ι

199 3891 201 3905 '
247 3947 255 3954 .
358 3896 402 3973 (a)
424 3898 542 3955 Zodiae.
555 3898 634 3954 med.
648 3899 727 3954 Gall.
743 3899 780 3954 A.
797 3916 833 3968 a,
849 3916 892 3953 m.
905 3895 981 3968 jut,
998 3897 1064 3955 obs.
1081 3915 1129 3954 ao.

359 3993 401 4062 (ll
424 3999 468 4052 De
485 4015 587 4052 aneur.
604 3999 625 4053 l.
641 4015 676 4068 a,
690 3999 716 4054 c.'
729 4015 746 4054 s
758 4035 765 4070 ,
775 4014 901 4074 propos·
915 4013 964 4068 ar,
979 4015 1047 4056 eum
1060 3997 1157 4054 sebol.
