2816 5282
194 447 265 516 nn:
277 467 324 514 tv.
341 462 388 514 nn
407 460 542 514 stonms
553 455 748 527 cerauno,
763 453 832 511 etc.
849 453 959 510 arist.
981 463 1052 510 mv.
1082 435 1154 512 583

141 582 275 681 pulsus
299 577 342 651 lit
366 581 506 652 sensim
531 598 670 677 parvus
694 594 731 650 et
750 554 903 650 debilis:
925 575 1077 650 taudem
1098 577 1156 649 lo-

143 721 269 796 quens
286 695 431 785 adbuc,
448 711 486 770 et
506 721 594 770 sana
611 713 759 786 mente,
785 717 871 769 cum
892 719 1017 768 aerem
1036 694 1157 768 hianti

143 836 210 886 ore
222 815 426 912 aliquoties
441 817 674 903 attraxisset,
694 815 761 913 qui
772 829 894 887 certus
907 815 1040 886 vicinae
1053 837 1157 884 mor-

141 933 190 1004 tis
204 951 259 1003 est
270 931 520 1031 prodromus,
539 955 642 1004 nona
661 932 707 1004 ab
718 947 872 1030 accepto
886 913 1044 1003 vulnere
1060 929 1156 1002 hora

143 1045 302 1122 decedit.

193 1166 393 1239 Cadaveris
407 1168 624 1238 universum
635 1165 791 1238 dorsum
800 1167 945 1264 aliquot
959 1179 1044 1264 post
1056 1187 1155 1236 mor-

129 1295 220 1375 tem
253 1281 357 1356 horis
384 1285 500 1356 livere
536 1285 680 1384 incipit.
716 1279 900 1357 Postridie
933 1309 1043 1356 mane
1075 1307 1153 1355 non

120 1398 258 1474 modo
281 1402 378 1474 livor
397 1418 592 1490 creverat,
621 1402 686 1475 sed
709 1403 865 1501 insuper
892 1415 1016 1474 totum
1042 1418 1154 1499 caput

105 1509 108 1518 ’
141 1516 311 1593 deforme
343 1517 483 1593 lactum
510 1523 611 1608 erat,
648 1501 856 1620 oculusque
888 1519 1019 1592 dexter
1044 1517 1153 1590 valde

137 1637 382 1710 intumuerat.
404 1639 581 1709 Vulneris
601 1637 704 1710 labra
725 1639 772 1710 ad
788 1637 1028 1737 putredinem
1048 1651 1153 1706 utra-

139 1777 215 1850 que
237 1777 282 1825 ex
308 1769 414 1851 parte
440 1754 683 1826 inclinabant.
723 1757 768 1826 ln
794 1756 925 1827 ventre
956 1753 1153 1852 stagnabat

139 1865 281 1940 effitstis
305 1871 469 1966 sanguis.
492 1870 610 1943 Ileum
635 1871 856 1944 intestinum
883 1871 1004 1943 tribus
1027 1873 1067 1940 in
1096 1872 1151 1941 lo·
1178 1965 1180 1968 v

140 1988 195 2058 eis
227 1987 386 2058 omnino
417 2003 497 2061 erat
526 1989 752 2079 laceratum
794 1989 907 2063 colon
935 1996 1059 2062 autem
1086 1985 1153 2058 ubi

138 2105 352 2176 ventriculo
374 2105 595 2202 subjicitur,
620 2107 775 2179 dimidia
791 2123 953 2205 exparte
975 2131 1048 2178 suae
1068 2102 1150 2177 lati-

137 2220 281 2294 tudinis
308 2222 570 2314 vulneratum,
592 2226 721 2296 omnia
747 2225 924 2296 intestina
950 2222 1147 2295 rubebant.

138 2342 232 2410 Cum
245 2339 383 2414 vulnus
399 2342 512 2440 paulo
531 2341 628 2415 infra
637 2339 892 2442 emulgentem
905 2360 1038 2413 venam
1057 2337 1148 2410 dex-

138 2469 257 2528 teram
277 2462 419 2532 ventris
442 2481 576 2533 cavum
604 2461 748 2533 subiret
771 2484 891 2561 prope
913 2458 1040 2532 sedem
1063 2480 1150 2529 ure-

136 2577 252 2664 teris,
270 2575 489 2650 dubitatum
502 2594 576 2667 est,
596 2579 701 2652 hunc
717 2578 831 2652 fuisse
844 2579 1059 2650 laceratum.
1077 2575 1147 2647 Sed

138 2715 226 2764 curu
245 2694 511 2768 intolerandus
539 2693 652 2769 foetor
668 2719 874 2794 properare
894 2708 1070 2792 cogeret,
1090 2716 1150 2763 res

138 2811 224 2881 satis
256 2833 336 2881 non
364 2813 489 2910 potuit
517 2813 717 2912 explorari.
748 2813 970 2886 Dubitatum
992 2833 1148 2908 quoque

137 2941 210 3014 est,
227 2927 384 3026 sclopeti
403 2929 538 3026 globos
556 2953 705 3002 veneno
722 2929 882 3002 infectos
896 2927 1021 3001 fuisse.
1118 3017 1120 3023 Ι

189 3071 244 3115 21.
261 3047 332 3116 Hic
350 3046 468 3142 quaeri
487 3046 587 3116 inter
612 3062 744 3117 caetera
768 3071 789 3116 a
816 3059 853 3116 te
874 3055 1022 3142 posset,
1049 3066 1147 3140 quo·

137 3161 255 3232 modo
278 3185 364 3233 cum
383 3162 460 3233 duo
485 3177 610 3236 essent
630 3163 751 3262 globi,
770 3162 893 3239 tribus
915 3161 1010 3232 locis
1030 3159 1146 3232 ileum

137 3280 360 3352 intestinum
400 3279 658 3353 lacerassent?
693 3282 765 3354 nisi
808 3280 1148 3364 animadverteres,
1186 3304 1190 3316 ¹

140 3421 255 3495 gyros
279 3397 394 3493 hujus
424 3401 615 3487 intestini,
635 3419 715 3473 esse
735 3398 943 3496 ejusmodi,
974 3411 1018 3469 ut
1042 3411 1146 3496 parte

140 3513 222 3609 ejus
246 3514 372 3612 aliqua
395 3519 494 3614 parti
520 3517 628 3590 alteri
663 3519 893 3616 anteposita,
928 3517 1147 3588 intestinum

138 3631 199 3704 bis
232 3633 440 3705 occurrerit
463 3636 503 3704 in
530 3637 589 3708 via
616 3659 731 3734 quam
750 3635 951 3736 globorum
979 3633 1073 3704 alter
1094 3647 1148 3702 te·

140 3763 234 3822 nult.

193 3895 249 3938 22.
268 3869 336 3940 Vir
351 3893 540 3941 annorum
560 3871 824 3969 quadraginta,
843 3867 1032 3968 plumbeis
1049 3864 1147 3964 frag·

140 3986 277 4058 mentis
294 3986 561 4084 inaequalibus,
582 3987 756 4090 sclopeto'
768 3987 914 4104 ¹emissis
937 3987 977 4056 in
996 4009 1042 4060 eo
1061 4007 1146 4056 cor-
