2816 5282
431 349 438 384 l

304 419 378 516 526
468 443 515 490 nn
540 441 686 492 surmus
711 441 756 488 nr
781 437 905 488 causis
931 438 1143 488 noaroanu

305 554 609 654 caput(1)qu0d
629 551 909 624 devulneribus
927 554 1062 626 cordis
1073 553 1314 643 inscribitur,

306 698 394 746 cum
405 672 636 772 perlegerem
651 723 661 757 ,
679 671 773 740 uilril
787 670 892 767 quod
907 670 954 742 nd
966 669 1155 742 theoriam
1168 727 1179 761 ,
1191 672 1241 742 ad
1252 672 1313 742 ob·

308 792 559 862 sectationum
576 790 707 860 utilem
719 792 817 860 iuter
827 785 1112 860 secollationem
1122 789 1191 876 ,ad
1206 792 1318 885 signa,

307 907 404 980 etad
420 910 537 1006 ipsam
560 905 687 1004 quoad
707 906 816 992 licet,
839 908 1072 978 curationem
1089 909 1318 1004 pertineret,

310 1023 514 1098 desiderari
524 1023 989 1123 possevidi.Quamobrem
1000 1023 1220 1096 tibiauctor
1230 1049 1319 1110 sum,

311 1157 352 1222 ut
380 1155 526 1226 totum,
552 1164 623 1212 nec
648 1139 764 1212 semel
784 1163 920 1212 verses.
956 1146 999 1210 In
1033 1140 1319 1212 observationes

311 1261 411 1332 enim
427 1259 540 1332 simul
564 1258 708 1332 incides
728 1281 891 1355 quarum
906 1258 1104 1330 nbnnullis
1120 1260 1204 1355 ipse
1226 1281 1321 1329 care·

309 1377 421 1464 barn,
451 1392 487 1448 et
519 1378 559 1448 in
594 1401 655 1450 eas
682 1377 897 1475 praecipue,
923 1397 1018 1472 quas
1043 1375 1209 1460 indicat,
1240 1399 1322 1474 pro·

311 1495 430 1594 prias,
445 1495 546 1566 inter
564 1517 701 1590 easque
720 1494 924 1590 prasertim
942 1515 1025 1589 quas
1037 1493 1128 1564 illuc
1139 1496 1320 1579 attinent,

312 1626 355 1684 ut
378 1607 578 1682 confirmet
600 1635 709 1710 posse
739 1611 896 1682 vulnera
918 1611 957 1680 in
978 1611 1219 1682 ventriculos
1247 1637 1322 1709 per

313 1728 464 1814 venire,
478 1753 548 1804 nec
564 1749 740 1826 magnam
755 1743 879 1798 tamen
894 1729 1117 1824 contingere
1132 1729 1324 1826 sanguinis

314 1843 558 1932 allusionem,
577 1849 652 1916 sive
670 1847 759 1942 quia
768 1869 904 1943 grume
921 1845 1117 1942 sanguinis
1128 1845 1322 1917 occlusum

314 1960 549 2062 profundum
584 1964 720 2034 vulnus
752 1965 916 2052 invenit,
951 1965 1028 2035 sive
1056 1965 1147 2061 quia
1168 1965 1322 2034 vulnere

312 2085 397 2184 ipso
416 2084 565 2154 irritatae
585 2081 749 2152 fibraeita
764 2107 802 2153 se
823 2082 1071 2160 contrabant.
1090 2083 1324 2180 utsanguini

316 2202 455 2274 exitum
472 2200 747 2286 intercludant,
767 2201 842 2271 sive
853 2200 959 2297 quod
972 2201 1110 2272 vulnus
1123 2200 1324 2298 obliquum

314 2319 386 2406 siu
403 2318 620 2415 exemplum
643 2333 768 2389 autem
794 2318 984 2416 singulare
1010 2315 1157 2415 profer-t
1185 2343 1325 2416 magne

318 2433 569 2532 obliquitatis,
596 2435 735 2508 vulnus
763 2437 865 2508 eninr
890 2435 983 2508 vidit
1011 2437 1153 2533 inquo
1184 2438 1325 2535 gladius

317 2575 386 2652 per
399 2553 645 2626 substantiam
667 2553 792 2626 cordis
810 2579 833 2624 a
850 2573 1034 2626 mucrone
1053 2555 1099 2626 ad
1116 2555 1242 2628 basim
1261 2574 1327 2628 tra·

315 2670 437 2766 jectus
458 2667 590 2742 luerat.
610 2669 833 2766 Cujusmodi
850 2695 970 2768 genus
987 2669 1175 2744 obstaculi
1199 2676 1274 2746 etsi
1293 2677 1328 2744 in

319 2785 522 2858 ventriculi
549 2786 670 2858 dextri
686 2788 908 2859 vulneribus
927 2788 979 2860 ob
996 2791 1150 2887 parietis
1168 2795 1330 2864 tenuita-

321 2919 396 2976 tem
419 2906 546 2978 minus
573 2903 680 2978 facile
700 2903 785 2976 fieri
801 2929 912 3003 posse
936 2907 1139 2998 admonet3
1160 2933 1246 2980 uon
1269 2935 1330 2983 ne·

319 3037 382 3122 gat
399 3038 548 3108 tamen,
574 3025 767 3120 sanguinis
793 3023 1016 3098 ellirsionem
1045 3051 1090 3097 ex
1116 3031 1331 3122 ventriculo

319 3141 394 3213 hoc
414 3167 570 3239 quoque
581 3141 774 3214 interdum
787 3147 1016 3216 essenunita
1027 3169 1217 3244 magnam.
1230 3151 1332 3219 Utru

320 3257 413 3330 libet
428 3273 552 3330 antem
571 3284 616 3330 ex
637 3249 851 3332 ventdiculo
879 3261 908 3334 si
934 3262 1213 3361 baemorrbagia
1234 3265 1331 3336 haud

321 3389 423 3448 tanta
450 3377 516 3464 sit,
539 3391 581 3448 ut
598 3377 769 3448 celeriter
799 3401 927 3476 perse
947 3381 1119 3469 occidat3
1149 3405 1330 3480 magnum

322 3506 449 3564 tamen
474 3509 605 3590 postea
630 3519 676 3566 ex
704 3497 907 3568 accedente
940 3497 1264 3589 inflammatione,
1299 3515 1331 3570 et

323 3609 396 3682 nisi
414 3608 492 3681 haec
514 3611 755 3702 discutiatur,
781 3641 828 3686 ex
852 3640 932 3686 non
962 3616 1113 3688 modica
1149 3643 1331 3716 suppura-

365 3983 407 4065 (ι)
429 3989 463 4043 L.
479 3996 511 4058 l„
528 3984 574 4043 ch.
589 3989 617 4044 6.
