2816 5282
305 375 379 448 610
474 399 521 446 ns
547 393 694 446 sumnus
719 399 763 443 m
788 394 914 444 ciusts
938 395 1145 442 nonnosum
1247 367 1249 378 '

307 514 455 612 quitur,
473 532 553 582 non
571 511 617 582 ad
634 509 880 597 umbilicum,
907 511 973 582 sed
995 511 1052 580 ad·
1069 509 1278 608 epigastriun

306 643 498 729 spectent3
521 629 572 700 ob
588 627 687 700 hanc
713 651 793 698 rem
809 682 819 715 ‚
837 629 1003 726 aliasque
1025 627 1217 699 nonnulias
1229 649 1280 722 ego
1356 695 1357 708 1

307 745 463 844 quidem
496 769 689 818 assensum
730 747 927 818 sustineo:
958 746 1154 817 arbitrium
1184 759 1282 813 auten

264 953 270 972 Ι
307 881 417 946 tuum
434 878 525 936 esto.
899 935 902 940 ,
1356 863 1357 876 ’

358 983 418 1069 43.
439 979 495 1061 Ad
509 980 693 1058 uiolentas
711 977 926 1052 abdominis
937 981 1226 1078 compressiones
1241 973 1285 1044 illa

312 1124 390 1198 prae
409 1099 551 1170 caeteris
567 1099 746 1172 attineret
768 1121 882 1194 quam
906 1098 1075 1173 cisiarius
1092 1095 1233 1198 pertulit
1255 1091 1287 1163 ab

308 1215 435 1288 rhedae
450 1231 552 1303 rota,
571 1239 641 1312 per
657 1229 828 1286 ventrem
849 1230 956 1300 ecta,
981 1214 1085 1286 unde
1107 1213 1288 1312 gravissima

309 1331 553 1408 incommoda
565 1348 623 1421 ,et
632 1333 1015 1404 maximumomnium
1029 1351 1115 1432 quae
1124 1327 1288 1418 vidi3'arte·

309 1455 371 1524 rioe
390 1467 534 1550 maguae
552 1473 776 1547 aneurysma
796 1469 1007 1548 provenere
1023 1479 1033 1539 ;
1057 1452 1133 1523 nisi
1150 1445 1290 1522 cambis

308 1569 444 1642 teriam
467 1567 622 1666 epistola
649 1567 696 1638 ad
718 1583 753 1640 te
777 1572 841 1639 XL
860 1568 914 1666 (1)
940 1569 1224 1667 descripsissem.
1249 1567 1289 1633 De

308 1685 532 1758 vulneribus
568 1701 713 1774 autem,
748 1685 932 1758 ictibusve
972 1685 1209 1771 lumborum,
1233 1703 1290 1778 quo

311 1803 594 1885 observationes
605 1819 776 1902 spectant
795 1804 1020 1876 civicorum
1031 1796 1290 1897 Verdriesiip),

313 1939 350 2000 et
360 1922 599 2014 Queimaltzii
610 1921 683 2020 (3),
699 1943 785 1993 cum
798 1925 837 1993 in
849 1921 1162 2020 praesentianum
1173 1916 1291 1990 mihin

313 2043 406 2114 meis
430 2042 470 2135 in
488 2055 669 2138 promptu
689 2042 755 2130 sit,
781 2057 860 2111 non
881 2062 957 2112 una
973 2055 1105 2112 ¹autem
1126 2059 1241 2111 earum
1261 2035 1291 2106 sit

313 2183 395 2256 quae
413 2158 461 2230 ad
475 2159 654 2245 vulnero,
676 2159 1022 2256 compressionem
1044 2171 1196 2230 ‘artuum
1217 2173 1291 2258 spec

239 2333 261 2356 .
312 2275 480 2370 taut,ad
495 2276 562 2347 has
584 2275 766 2368 transibo,
1104 2269 1106 2278 ’

364 2401 422 2483 44.
441 2395 508 2466 Vir
528 2395 715 2482 rusticus,
743 2417 823 2466 non
853 2394 954 2466 malo
982 2396 1157 2492 corporis
1191 2387 1292 2463 habitu

314 2513 513 2610 praeditus,
529 2510 620 2582 dum
639 2513 738 2584 circa
765 2513 910 2610 lignum
929 2527 1131 2611 operatur,
1152 2511 1249 2610 pium
1263 2527 1292 2576 ex

314 2629 389 2700 hoc
412 2627 622 2725 fragmenta
641 2629 772 2726 palmae
790 2630 952 2702 dexterae
978 2630 1050 2702 alte
1080 2629 1219 2729 infigit,
1234 2623 1292 2695 vul·

313 2770 405 2820 nere
425 2746 627 2817 interstitio
646 2747 701 2816 illi
719 2745 834 2821 ferme
855 2749 1116 2847 respondente
1142 2743 1236 2847 quod
1255 2753 1292 2811 est
1356 2733 1357 2760 i

313 2865 414 2937 inter
445 2863 650 2962 metacarpi
681 2889 765 2937 ossa
783 2866 943 2958 ¹indici,
976 2869 1180 2965 medioque
1204 2862 1292 2958 digito

316 2980 504 3077 subjecta:
531 3005 604 3054 nec
631 2984 703 3054 nisi
726 2999 928 3082 postquam
959 2985 1187 3057 convulsivis
1208 2979 1292 3051 totius

318 3101 399 3197 ejus
416 3114 519 3172 artus
538 3098 705 3172 motibus
730 3117 929 3200 correptus
949 3117 1028 3187 est,
1056 3102 1221 3200 medico,
1237 3092 1292 3167 chi·

315 3242 478 3315 rurgove
507 3241 545 3289 se
575 3219 751 3291 ostendit.
780 3224 913 3320 ltaque
941 3237 1075 3292 octavo
1102 3220 1239 3294 circiter
1262 3231 1292 3282 ex
1356 3207 1357 3240 ¹

319 3359 397 3430 quo
411 3334 550 3407 vulnus
573 3335 869 3426 sibi-inflixerat,
898 3339 958 3411 die
994 3340 1069 3422 huc
1104 3328 1292 3433 deniquein

320 3455 584 3524 nosocomium
608 3453 789 3528 defertur.¹
818 3443 975 3557 mugnis
999 3473 1090 3530 tnnc
1111 3459 1293 3556 primunt

329 3621 1299 3654 m

363 3759 408 3837 (1)
428 3757 466 3816 Ν.
491 3757 539 3815 26.
643 3811 645 3816 ,

362 3858 406 3936 (2)
426 3863 492 3916 Act.
508 3860 545 3914 Ν.
561 3857 594 3914 C.
609 3869 681 3913 tom.
698 3875 725 3928 1,
740 3859 805 3915 obs.
819 3857 868 3914 86.

314 4009 318 4018 ,
334 3959 339 3973 ‘
363 3958 408 4035 (3)
428 3960 552 4015 Dissert.
566 3958 605 4014 de
618 3960 763 4033 pingued.
779 3963 847 4046 §.1⁰7
855 3958 893 4016 in
901 3943 957 4015 dn.
