<?xml version="1.0" encoding="UTF-8"?>
<!DOCTYPE html PUBLIC "-//W3C//DTD XHTML 1.0 Transitional//EN"
    "http://www.w3.org/TR/xhtml1/DTD/xhtml1-transitional.dtd">
<html xmlns="http://www.w3.org/1999/xhtml" xml:lang="en" lang="en">
 <head>
  <title>
</title>
<meta http-equiv="Content-Type" content="text/html;charset=utf-8" />
  <meta name='ocr-system' content='tesseract 3.04.00' />
  <meta name='ocr-capabilities' content='ocr_page ocr_carea ocr_par ocr_line ocrx_word'/>
</head>
<body>
  <div class='ocr_page' id='page_1' title='image "./desedibusetcaus03adelgoog_0142.png"; bbox 0 0 2828 4652; ppageno 0'>
   <div class='ocr_carea' id='block_1_1' title="bbox 281 441 1120 528">
    <p class='ocr_par' dir='ltr' id='par_1_1' title="bbox 281 441 1120 528">
     <span class='ocr_line' id='line_1_1' title="bbox 281 441 1120 528; baseline -0.01 -10"><span class='ocrx_word' id='word_1_1' title='bbox 281 441 352 528; x_wconf 72' lang='lat'>134</span> <span class='ocrx_word' id='word_1_2' title='bbox 445 465 492 512; x_wconf 83' lang='lat' dir='ltr'>na</span> <span class='ocrx_word' id='word_1_3' title='bbox 518 462 664 511; x_wconf 76' lang='lat' dir='ltr'>sumans</span> <span class='ocrx_word' id='word_1_4' title='bbox 689 464 734 510; x_wconf 82' lang='lat' dir='ltr'>ar</span> <span class='ocrx_word' id='word_1_5' title='bbox 759 461 883 514; x_wconf 76' lang='lat' dir='ltr'>causis</span> <span class='ocrx_word' id='word_1_6' title='bbox 908 461 1120 512; x_wconf 79' lang='lat' dir='ltr'>uoaaoauar</span> 
     </span>
    </p>
   </div>
   <div class='ocr_carea' id='block_1_2' title="bbox 277 575 1394 1382">
    <p class='ocr_par' dir='ltr' id='par_1_2' title="bbox 279 575 1289 884">
     <span class='ocr_line' id='line_1_2' title="bbox 280 575 1289 674; baseline 0 -24"><span class='ocrx_word' id='word_1_7' title='bbox 280 580 367 652; x_wconf 87' lang='lat' dir='ltr'>bilis</span> <span class='ocrx_word' id='word_1_8' title='bbox 379 577 543 650; x_wconf 86' lang='lat' dir='ltr'><strong>vesicula</strong></span> <span class='ocrx_word' id='word_1_9' title='bbox 557 599 747 674; x_wconf 88' lang='lat' dir='ltr'>nusquam</span> <span class='ocrx_word' id='word_1_10' title='bbox 765 575 949 674; x_wconf 90' lang='lat' dir='ltr'>apparuit.</span> <span class='ocrx_word' id='word_1_11' title='bbox 965 579 1149 650; x_wconf 73' lang='lat' dir='ltr'><strong>Caeterum</strong></span> <span class='ocrx_word' id='word_1_12' title='bbox 1162 581 1289 669; x_wconf 74' lang='lat' dir='ltr'>tenuia</span> 
     </span>
     <span class='ocr_line' id='line_1_3' title="bbox 279 693 1288 784; baseline 0 -16"><span class='ocrx_word' id='word_1_13' title='bbox 279 697 456 777; x_wconf 84' lang='lat' dir='ltr'>intestina</span> <span class='ocrx_word' id='word_1_14' title='bbox 489 709 596 768; x_wconf 89' lang='lat' dir='ltr'>erant</span> <span class='ocrx_word' id='word_1_15' title='bbox 615 693 825 766; x_wconf 86' lang='lat' dir='ltr'>secuudum</span> <span class='ocrx_word' id='word_1_16' title='bbox 857 708 1032 769; x_wconf 87' lang='lat' dir='ltr'>naturam</span> <span class='ocrx_word' id='word_1_17' title='bbox 1064 698 1288 784; x_wconf 86' lang='lat' dir='ltr'>constituta,</span> 
     </span>
     <span class='ocr_line' id='line_1_4' title="bbox 280 812 664 884; baseline -0.008 0"><span class='ocrx_word' id='word_1_18' title='bbox 280 812 664 884; x_wconf 86' lang='lat' dir='ltr'>colonarctissimum.</span> 
     </span>
    </p>

    <p class='ocr_par' dir='ltr' id='par_1_3' title="bbox 277 913 1394 1382">
     <span class='ocr_line' id='line_1_5' title="bbox 295 913 1289 1034; baseline -0.002 -30"><span class='ocrx_word' id='word_1_19' title='bbox 295 913 299 922; x_wconf 42' lang='lat'><strong>¹</strong></span> <span class='ocrx_word' id='word_1_20' title='bbox 328 930 385 1004; x_wconf 85' lang='lat'>56.</span> <span class='ocrx_word' id='word_1_21' title='bbox 408 929 664 1004; x_wconf 87' lang='lat' dir='ltr'>Credemusne</span> <span class='ocrx_word' id='word_1_22' title='bbox 676 981 690 1034; x_wconf 22' lang='grc' dir='ltr'>,ι</span> <span class='ocrx_word' id='word_1_23' title='bbox 701 943 745 1002; x_wconf 89' lang='lat' dir='ltr'>ut</span> <span class='ocrx_word' id='word_1_24' title='bbox 762 926 838 1000; x_wconf 93' lang='lat' dir='ltr'>duo</span> <span class='ocrx_word' id='word_1_25' title='bbox 852 941 1133 1028; x_wconf 79' lang='lat' dir='ltr'>nonnunquam</span> <span class='ocrx_word' id='word_1_26' title='bbox 1151 956 1229 1004; x_wconf 87' lang='lat' dir='ltr'>uno</span> <span class='ocrx_word' id='word_1_27' title='bbox 1248 933 1289 1003; x_wconf 87' lang='lat' dir='ltr'>in</span> 
     </span>
     <span class='ocr_line' id='line_1_6' title="bbox 279 1047 1290 1150; baseline -0.002 -26"><span class='ocrx_word' id='word_1_28' title='bbox 279 1075 439 1150; x_wconf 81' lang='lat' dir='ltr'>corpore</span> <span class='ocrx_word' id='word_1_29' title='bbox 453 1049 574 1122; x_wconf 81' lang='lat' dir='ltr'>lienes</span> <span class='ocrx_word' id='word_1_30' title='bbox 590 1047 857 1136; x_wconf 81' lang='lat' dir='ltr'>inveniuntur3</span> <span class='ocrx_word' id='word_1_31' title='bbox 891 1049 970 1120; x_wconf 91' lang='lat' dir='ltr'>imo</span> <span class='ocrx_word' id='word_1_32' title='bbox 982 1047 1084 1120; x_wconf 86' lang='lat' dir='ltr'>haud</span> <span class='ocrx_word' id='word_1_33' title='bbox 1113 1049 1165 1121; x_wconf 89' lang='lat' dir='ltr'>ita</span> <span class='ocrx_word' id='word_1_34' title='bbox 1182 1075 1290 1138; x_wconf 84' lang='lat' dir='ltr'>rar0;</span> 
     </span>
     <span class='ocr_line' id='line_1_7' title="bbox 277 1163 1394 1263; baseline -0.001 -22"><span class='ocrx_word' id='word_1_35' title='bbox 277 1185 336 1242; x_wconf 88' lang='lat' dir='ltr'>ter</span> <span class='ocrx_word' id='word_1_36' title='bbox 353 1169 454 1240; x_wconf 87' lang='lat' dir='ltr'>enim</span> <span class='ocrx_word' id='word_1_37' title='bbox 474 1163 512 1236; x_wconf 89' lang='lat' dir='ltr'>id</span> <span class='ocrx_word' id='word_1_38' title='bbox 529 1165 601 1263; x_wconf 90' lang='lat' dir='ltr'>ipsi</span> <span class='ocrx_word' id='word_1_39' title='bbox 617 1163 779 1240; x_wconf 89' lang='lat' dir='ltr'>vidimus</span> <span class='ocrx_word' id='word_1_40' title='bbox 799 1165 852 1258; x_wconf 86' lang='lat'>(1)</span> <span class='ocrx_word' id='word_1_41' title='bbox 867 1191 878 1254; x_wconf 90' lang='lat'>;</span> <span class='ocrx_word' id='word_1_42' title='bbox 895 1165 946 1238; x_wconf 88' lang='lat' dir='ltr'>ita</span> <span class='ocrx_word' id='word_1_43' title='bbox 963 1164 1053 1238; x_wconf 89' lang='lat' dir='ltr'>huic</span> <span class='ocrx_word' id='word_1_44' title='bbox 1068 1169 1137 1238; x_wconf 88' lang='lat' dir='ltr'>uni</span> <span class='ocrx_word' id='word_1_45' title='bbox 1156 1165 1292 1242; x_wconf 77' lang='lat' dir='ltr'>intanti</span> <span class='ocrx_word' id='word_1_46' title='bbox 1393 1177 1394 1182; x_wconf 76' lang='grc'>’</span> 
     </span>
     <span class='ocr_line' id='line_1_8' title="bbox 280 1279 1394 1382; baseline 0 -26"><span class='ocrx_word' id='word_1_47' title='bbox 280 1285 357 1358; x_wconf 83' lang='lat' dir='ltr'>duo</span> <span class='ocrx_word' id='word_1_48' title='bbox 368 1285 537 1382; x_wconf 80' lang='lat' dir='ltr'>jecinora</span> <span class='ocrx_word' id='word_1_49' title='bbox 551 1279 664 1356; x_wconf 77' lang='lat' dir='ltr'>tuisse</span> <span class='ocrx_word' id='word_1_50' title='bbox 682 1282 793 1358; x_wconf 84' lang='lat' dir='ltr'>data?</span> <span class='ocrx_word' id='word_1_51' title='bbox 815 1307 863 1354; x_wconf 88' lang='lat' dir='ltr'>an</span> <span class='ocrx_word' id='word_1_52' title='bbox 881 1282 990 1378; x_wconf 89' lang='lat' dir='ltr'>jecur</span> <span class='ocrx_word' id='word_1_53' title='bbox 1007 1284 1151 1380; x_wconf 84' lang='lat' dir='ltr'>majus,</span> <span class='ocrx_word' id='word_1_54' title='bbox 1174 1300 1212 1356; x_wconf 87' lang='lat' dir='ltr'>et</span> <span class='ocrx_word' id='word_1_55' title='bbox 1229 1311 1289 1358; x_wconf 87' lang='lat' dir='ltr'>ex·</span> <span class='ocrx_word' id='word_1_56' title='bbox 1393 1367 1394 1370; x_wconf 8' lang='grc' dir='ltr'><strong>Ἴ</strong></span> 
     </span>
    </p>
   </div>
   <div class='ocr_carea' id='block_1_3' title="bbox 163 1397 1394 1500">
    <p class='ocr_par' dir='ltr' id='par_1_4' title="bbox 163 1397 1394 1500">
     <span class='ocr_line' id='line_1_9' title="bbox 163 1397 1394 1500; baseline 0.005 -27"><span class='ocrx_word' id='word_1_57' title='bbox 163 1477 168 1487; x_wconf 62' lang='grc'><em>,</em></span> <span class='ocrx_word' id='word_1_58' title='bbox 278 1397 1292 1500; x_wconf 83' lang='lat' dir='ltr'>trorsumprominens‚adfoetumalterumspectasse‚</span> <span class='ocrx_word' id='word_1_59' title='bbox 1393 1487 1394 1496; x_wconf 58' lang='lat'>.</span> 
     </span>
    </p>
   </div>
   <div class='ocr_carea' id='block_1_4' title="bbox 279 1511 1394 1736">
    <p class='ocr_par' dir='ltr' id='par_1_5' title="bbox 279 1511 1394 1736">
     <span class='ocr_line' id='line_1_10' title="bbox 280 1511 1394 1617; baseline -0.002 -24"><span class='ocrx_word' id='word_1_60' title='bbox 280 1522 388 1617; x_wconf 86' lang='lat' dir='ltr'>cujus</span> <span class='ocrx_word' id='word_1_61' title='bbox 411 1534 549 1593; x_wconf 83' lang='lat' dir='ltr'>caterae</span> <span class='ocrx_word' id='word_1_62' title='bbox 564 1532 690 1616; x_wconf 86' lang='lat' dir='ltr'>partes</span> <span class='ocrx_word' id='word_1_63' title='bbox 704 1519 744 1590; x_wconf 91' lang='lat' dir='ltr'>in</span> <span class='ocrx_word' id='word_1_64' title='bbox 757 1532 865 1590; x_wconf 90' lang='lat' dir='ltr'>utero</span> <span class='ocrx_word' id='word_1_65' title='bbox 879 1518 1104 1617; x_wconf 83' lang='lat' dir='ltr'>periissent?</span> <span class='ocrx_word' id='word_1_66' title='bbox 1125 1521 1177 1593; x_wconf 90' lang='lat' dir='ltr'>sic</span> <span class='ocrx_word' id='word_1_67' title='bbox 1189 1521 1294 1592; x_wconf 86' lang='lat' dir='ltr'>enim</span> <span class='ocrx_word' id='word_1_68' title='bbox 1393 1511 1394 1522; x_wconf 41' lang='lat'>¹</span> 
     </span>
     <span class='ocr_line' id='line_1_11' title="bbox 279 1634 1291 1736; baseline 0.003 -27"><span class='ocrx_word' id='word_1_69' title='bbox 279 1639 320 1722; x_wconf 87' lang='lat' dir='ltr'>in</span> <span class='ocrx_word' id='word_1_70' title='bbox 340 1637 567 1736; x_wconf 88' lang='lat' dir='ltr'>bicorporeo</span> <span class='ocrx_word' id='word_1_71' title='bbox 591 1635 657 1706; x_wconf 89' lang='lat' dir='ltr'>illo</span> <span class='ocrx_word' id='word_1_72' title='bbox 687 1634 781 1708; x_wconf 87' lang='lat' dir='ltr'>foetu</span> <span class='ocrx_word' id='word_1_73' title='bbox 800 1660 913 1734; x_wconf 86' lang='lat' dir='ltr'>quem</span> <span class='ocrx_word' id='word_1_74' title='bbox 927 1635 1215 1712; x_wconf 85' lang='lat' dir='ltr'>Zambeccarius</span> <span class='ocrx_word' id='word_1_75' title='bbox 1234 1663 1291 1712; x_wconf 89' lang='lat' dir='ltr'>se-</span> 
     </span>
    </p>
   </div>
   <div class='ocr_carea' id='block_1_5' title="bbox 157 1750 1291 1852">
    <p class='ocr_par' dir='ltr' id='par_1_6' title="bbox 157 1750 1291 1852">
     <span class='ocr_line' id='line_1_12' title="bbox 157 1750 1291 1852; baseline 0 -24"><span class='ocrx_word' id='word_1_76' title='bbox 157 1767 160 1774; x_wconf 91' lang='lat'>&#39;</span> <span class='ocrx_word' id='word_1_77' title='bbox 280 1750 431 1846; x_wconf 71' lang='lat' dir='ltr'>querat,</span> <span class='ocrx_word' id='word_1_78' title='bbox 456 1754 702 1826; x_wconf 86' lang='lat' dir='ltr'>Vallisnerius</span> <span class='ocrx_word' id='word_1_79' title='bbox 723 1768 849 1826; x_wconf 89' lang='lat' dir='ltr'>autem</span> <span class='ocrx_word' id='word_1_80' title='bbox 869 1751 928 1850; x_wconf 85' lang='lat' dir='ltr'>(a)</span> <span class='ocrx_word' id='word_1_81' title='bbox 947 1754 1137 1852; x_wconf 82' lang='lat' dir='ltr'>protulit,</span> <span class='ocrx_word' id='word_1_82' title='bbox 1159 1755 1291 1828; x_wconf 84' lang='lat' dir='ltr'>ambo-</span> 
     </span>
    </p>
   </div>
   <div class='ocr_carea' id='block_1_6' title="bbox 279 1871 1392 3508">
    <p class='ocr_par' dir='ltr' id='par_1_7' title="bbox 279 1871 1393 3508">
     <span class='ocr_line' id='line_1_13' title="bbox 279 1871 1289 1973; baseline -0.001 -28"><span class='ocrx_word' id='word_1_83' title='bbox 279 1899 367 1950; x_wconf 86' lang='lat' dir='ltr'>rum</span> <span class='ocrx_word' id='word_1_84' title='bbox 388 1897 593 1970; x_wconf 88' lang='lat' dir='ltr'>corporum</span> <span class='ocrx_word' id='word_1_85' title='bbox 613 1871 784 1966; x_wconf 80' lang='lat' dir='ltr'>jecinora</span> <span class='ocrx_word' id='word_1_86' title='bbox 810 1872 969 1946; x_wconf 78' lang='lat' dir='ltr'>interae</span> <span class='ocrx_word' id='word_1_87' title='bbox 989 1873 1122 1970; x_wconf 77' lang='lat' dir='ltr'>jtmcta</span> <span class='ocrx_word' id='word_1_88' title='bbox 1140 1897 1211 1973; x_wconf 85' lang='lat' dir='ltr'>per</span> <span class='ocrx_word' id='word_1_89' title='bbox 1232 1875 1289 1972; x_wconf 84' lang='lat' dir='ltr'>in-</span> 
     </span>
     <span class='ocr_line' id='line_1_14' title="bbox 279 1987 1290 2090; baseline 0.003 -26"><span class='ocrx_word' id='word_1_90' title='bbox 279 1992 499 2090; x_wconf 82' lang='lat' dir='ltr'>terpositam</span> <span class='ocrx_word' id='word_1_91' title='bbox 533 2013 695 2060; x_wconf 85' lang='lat' dir='ltr'>crassam</span> <span class='ocrx_word' id='word_1_92' title='bbox 725 1989 834 2088; x_wconf 85' lang='lat' dir='ltr'>quasi</span> <span class='ocrx_word' id='word_1_93' title='bbox 863 1987 1128 2068; x_wconf 84' lang='lat' dir='ltr'>membranam</span> <span class='ocrx_word' id='word_1_94' title='bbox 1161 1990 1290 2067; x_wconf 79' lang='lat' dir='ltr'>videa·</span> 
     </span>
     <span class='ocr_line' id='line_1_15' title="bbox 279 2105 1289 2209; baseline 0 -27"><span class='ocrx_word' id='word_1_95' title='bbox 279 2127 342 2182; x_wconf 88' lang='lat' dir='ltr'>tur</span> <span class='ocrx_word' id='word_1_96' title='bbox 362 2109 428 2209; x_wconf 82' lang='lat'>(3).</span> <span class='ocrx_word' id='word_1_97' title='bbox 456 2107 528 2180; x_wconf 86' lang='lat' dir='ltr'>Sed</span> <span class='ocrx_word' id='word_1_98' title='bbox 556 2132 694 2182; x_wconf 87' lang='lat' dir='ltr'>casuue</span> <span class='ocrx_word' id='word_1_99' title='bbox 719 2105 859 2180; x_wconf 87' lang='lat' dir='ltr'>factum</span> <span class='ocrx_word' id='word_1_100' title='bbox 877 2107 1113 2208; x_wconf 86' lang='lat' dir='ltr'>putabimus,</span> <span class='ocrx_word' id='word_1_101' title='bbox 1142 2126 1187 2187; x_wconf 89' lang='lat' dir='ltr'>ut</span> <span class='ocrx_word' id='word_1_102' title='bbox 1200 2112 1289 2208; x_wconf 86' lang='lat' dir='ltr'>jeci·</span> 
     </span>
     <span class='ocr_line' id='line_1_16' title="bbox 279 2225 1294 2328; baseline 0 -28"><span class='ocrx_word' id='word_1_103' title='bbox 279 2231 386 2316; x_wconf 80' lang='lat' dir='ltr'>noris</span> <span class='ocrx_word' id='word_1_104' title='bbox 399 2253 475 2300; x_wconf 88' lang='lat' dir='ltr'>non</span> <span class='ocrx_word' id='word_1_105' title='bbox 495 2227 553 2300; x_wconf 92' lang='lat' dir='ltr'>sui</span> <span class='ocrx_word' id='word_1_106' title='bbox 565 2241 668 2328; x_wconf 85' lang='lat' dir='ltr'>v&#39;enoe</span> <span class='ocrx_word' id='word_1_107' title='bbox 687 2227 728 2298; x_wconf 84' lang='lat' dir='ltr'>in</span> <span class='ocrx_word' id='word_1_108' title='bbox 747 2225 901 2304; x_wconf 83' lang='lat' dir='ltr'>eosdem</span> <span class='ocrx_word' id='word_1_109' title='bbox 921 2228 1119 2327; x_wconf 83' lang='lat' dir='ltr'>pervenire</span> <span class='ocrx_word' id='word_1_110' title='bbox 1136 2242 1294 2326; x_wconf 81' lang='lat' dir='ltr'>possent</span> 
     </span>
     <span class='ocr_line' id='line_1_17' title="bbox 279 2344 1289 2444; baseline -0.001 -25"><span class='ocrx_word' id='word_1_111' title='bbox 279 2364 438 2419; x_wconf 88' lang='lat' dir='ltr'>truncos</span> <span class='ocrx_word' id='word_1_112' title='bbox 455 2345 502 2416; x_wconf 87' lang='lat' dir='ltr'>ad</span> <span class='ocrx_word' id='word_1_113' title='bbox 520 2369 619 2442; x_wconf 84' lang='lat' dir='ltr'>quos</span> <span class='ocrx_word' id='word_1_114' title='bbox 644 2371 689 2416; x_wconf 84' lang='lat' dir='ltr'>ex</span> <span class='ocrx_word' id='word_1_115' title='bbox 705 2346 870 2442; x_wconf 89' lang='lat' dir='ltr'>proprio·</span> <span class='ocrx_word' id='word_1_116' title='bbox 889 2344 1005 2444; x_wconf 87' lang='lat' dir='ltr'>hujus</span> <span class='ocrx_word' id='word_1_117' title='bbox 1031 2344 1189 2420; x_wconf 83' lang='lat' dir='ltr'>infantis</span> <span class='ocrx_word' id='word_1_118' title='bbox 1201 2348 1289 2444; x_wconf 87' lang='lat' dir='ltr'>jeci·</span> 
     </span>
     <span class='ocr_line' id='line_1_18' title="bbox 280 2461 1293 2560; baseline 0 -22"><span class='ocrx_word' id='word_1_119' title='bbox 280 2489 375 2538; x_wconf 92' lang='lat' dir='ltr'>nore</span> <span class='ocrx_word' id='word_1_120' title='bbox 394 2488 497 2534; x_wconf 83' lang='lat' dir='ltr'>venae</span> <span class='ocrx_word' id='word_1_121' title='bbox 517 2461 781 2560; x_wconf 81' lang='lat' dir='ltr'>pertinebant?</span> <span class='ocrx_word' id='word_1_122' title='bbox 796 2463 985 2538; x_wconf 86' lang='lat' dir='ltr'>Nimirum</span> <span class='ocrx_word' id='word_1_123' title='bbox 998 2462 1077 2538; x_wconf 87' lang='lat' dir='ltr'>haec</span> <span class='ocrx_word' id='word_1_124' title='bbox 1093 2461 1293 2538; x_wconf 84' lang='lat' dir='ltr'>difficultas</span> 
     </span>
     <span class='ocr_line' id='line_1_19' title="bbox 280 2577 1293 2682; baseline 0.002 -30"><span class='ocrx_word' id='word_1_125' title='bbox 280 2607 363 2682; x_wconf 82' lang='lat' dir='ltr'>quae</span> <span class='ocrx_word' id='word_1_126' title='bbox 373 2582 411 2650; x_wconf 89' lang='lat' dir='ltr'>in</span> <span class='ocrx_word' id='word_1_127' title='bbox 424 2579 641 2678; x_wconf 86' lang='lat' dir='ltr'>bicorporei</span> <span class='ocrx_word' id='word_1_128' title='bbox 650 2580 749 2655; x_wconf 89' lang='lat' dir='ltr'>illius</span> <span class='ocrx_word' id='word_1_129' title='bbox 759 2577 869 2654; x_wconf 85' lang='lat' dir='ltr'>foetus</span> <span class='ocrx_word' id='word_1_130' title='bbox 881 2581 1073 2682; x_wconf 83' lang='lat' dir='ltr'>plerisque</span> <span class='ocrx_word' id='word_1_131' title='bbox 1086 2582 1293 2680; x_wconf 70' lang='lat' dir='ltr'>uisceribus</span> 
     </span>
     <span class='ocr_line' id='line_1_20' title="bbox 281 2697 1291 2800; baseline 0.004 -30"><span class='ocrx_word' id='word_1_132' title='bbox 281 2700 403 2786; x_wconf 81' lang='lat' dir='ltr'>multo</span> <span class='ocrx_word' id='word_1_133' title='bbox 420 2697 543 2793; x_wconf 83' lang='lat' dir='ltr'>major</span> <span class='ocrx_word' id='word_1_134' title='bbox 566 2713 643 2785; x_wconf 90' lang='lat' dir='ltr'>est,</span> <span class='ocrx_word' id='word_1_135' title='bbox 663 2697 710 2771; x_wconf 92' lang='lat' dir='ltr'>ad</span> <span class='ocrx_word' id='word_1_136' title='bbox 740 2722 803 2772; x_wconf 88' lang='lat' dir='ltr'>eas</span> <span class='ocrx_word' id='word_1_137' title='bbox 823 2700 957 2800; x_wconf 77' lang='lat' dir='ltr'>attinet</span> <span class='ocrx_word' id='word_1_138' title='bbox 975 2723 1059 2798; x_wconf 81' lang='lat' dir='ltr'>quae</span> <span class='ocrx_word' id='word_1_139' title='bbox 1077 2702 1223 2772; x_wconf 86' lang='lat' dir='ltr'>recenti</span> <span class='ocrx_word' id='word_1_140' title='bbox 1246 2700 1291 2774; x_wconf 85' lang='lat' dir='ltr'>de</span> 
     </span>
     <span class='ocr_line' id='line_1_21' title="bbox 282 2818 1291 2918; baseline 0.002 -30"><span class='ocrx_word' id='word_1_141' title='bbox 282 2818 427 2918; x_wconf 79' lang='lat' dir='ltr'>origine</span> <span class='ocrx_word' id='word_1_142' title='bbox 446 2830 705 2888; x_wconf 86' lang='lat' dir='ltr'>monstrorum</span> <span class='ocrx_word' id='word_1_143' title='bbox 735 2818 1000 2918; x_wconf 82' lang='lat' dir='ltr'>controversiae</span> <span class='ocrx_word' id='word_1_144' title='bbox 1027 2841 1180 2892; x_wconf 82' lang='lat' dir='ltr'>causam</span> <span class='ocrx_word' id='word_1_145' title='bbox 1199 2843 1291 2918; x_wconf 77' lang='lat' dir='ltr'>pra·</span> 
     </span>
     <span class='ocr_line' id='line_1_22' title="bbox 281 2934 1289 3038; baseline -0.001 -30"><span class='ocrx_word' id='word_1_146' title='bbox 281 2937 461 3008; x_wconf 86' lang='lat' dir='ltr'>buerunt.</span> <span class='ocrx_word' id='word_1_147' title='bbox 489 2936 621 3032; x_wconf 87' lang='lat' dir='ltr'>Neque</span> <span class='ocrx_word' id='word_1_148' title='bbox 647 2935 688 3038; x_wconf 87' lang='lat' dir='ltr'>in</span> <span class='ocrx_word' id='word_1_149' title='bbox 715 2935 832 3006; x_wconf 84' lang='lat' dir='ltr'>vitula</span> <span class='ocrx_word' id='word_1_150' title='bbox 863 2934 1021 3010; x_wconf 86' lang='lat' dir='ltr'>deerant</span> <span class='ocrx_word' id='word_1_151' title='bbox 1050 2961 1163 3036; x_wconf 86' lang='lat' dir='ltr'>quam</span> <span class='ocrx_word' id='word_1_152' title='bbox 1191 2961 1289 3010; x_wconf 88' lang='lat' dir='ltr'>anno</span> 
     </span>
     <span class='ocr_line' id='line_1_23' title="bbox 283 3051 1291 3152; baseline 0.004 -27"><span class='ocrx_word' id='word_1_153' title='bbox 283 3052 374 3152; x_wconf 74' lang='lat'>1745</span> <span class='ocrx_word' id='word_1_154' title='bbox 394 3055 547 3124; x_wconf 90' lang='lat' dir='ltr'>ineunte</span> <span class='ocrx_word' id='word_1_155' title='bbox 565 3053 720 3138; x_wconf 73' lang='lat' dir='ltr'>martio²</span> <span class='ocrx_word' id='word_1_156' title='bbox 740 3051 1029 3152; x_wconf 87' lang='lat' dir='ltr'>perhumaniter</span> <span class='ocrx_word' id='word_1_157' title='bbox 1044 3054 1092 3128; x_wconf 89' lang='lat' dir='ltr'>ad</span> <span class='ocrx_word' id='word_1_158' title='bbox 1112 3081 1173 3128; x_wconf 86' lang='lat' dir='ltr'>me</span> <span class='ocrx_word' id='word_1_159' title='bbox 1188 3058 1291 3130; x_wconf 81' lang='lat' dir='ltr'>misit</span> 
     </span>
     <span class='ocr_line' id='line_1_24' title="bbox 279 3170 1290 3260; baseline 0.005 -19"><span class='ocrx_word' id='word_1_160' title='bbox 279 3175 337 3242; x_wconf 90' lang='lat' dir='ltr'>vir</span> <span class='ocrx_word' id='word_1_161' title='bbox 351 3170 610 3246; x_wconf 87' lang='lat' dir='ltr'>ornatissimus</span> <span class='ocrx_word' id='word_1_162' title='bbox 629 3175 684 3240; x_wconf 90' lang='lat' dir='ltr'>Jo.</span> <span class='ocrx_word' id='word_1_163' title='bbox 705 3173 815 3242; x_wconf 90' lang='lat' dir='ltr'>Dom.</span> <span class='ocrx_word' id='word_1_164' title='bbox 831 3173 1050 3260; x_wconf 80' lang='lat' dir='ltr'>Lavarinius</span> <span class='ocrx_word' id='word_1_165' title='bbox 1066 3178 1098 3246; x_wconf 83' lang='lat' dir='ltr'>J.</span> <span class='ocrx_word' id='word_1_166' title='bbox 1115 3179 1154 3251; x_wconf 83' lang='lat' dir='ltr'>C.</span> <span class='ocrx_word' id='word_1_167' title='bbox 1173 3179 1290 3248; x_wconf 85' lang='lat' dir='ltr'>Vero-</span> 
     </span>
     <span class='ocr_line' id='line_1_25' title="bbox 280 3288 1392 3388; baseline 0.002 -26"><span class='ocrx_word' id='word_1_168' title='bbox 280 3291 417 3362; x_wconf 89' lang='lat' dir='ltr'>nensis.</span> <span class='ocrx_word' id='word_1_169' title='bbox 439 3294 484 3360; x_wconf 90' lang='lat' dir='ltr'>In</span> <span class='ocrx_word' id='word_1_170' title='bbox 501 3313 577 3386; x_wconf 88' lang='lat' dir='ltr'>qua</span> <span class='ocrx_word' id='word_1_171' title='bbox 594 3288 713 3360; x_wconf 89' lang='lat' dir='ltr'>multo</span> <span class='ocrx_word' id='word_1_172' title='bbox 726 3288 852 3388; x_wconf 90' lang='lat' dir='ltr'>plura,</span> <span class='ocrx_word' id='word_1_173' title='bbox 877 3305 915 3374; x_wconf 85' lang='lat' dir='ltr'>et</span> <span class='ocrx_word' id='word_1_174' title='bbox 932 3316 1015 3388; x_wconf 78' lang='lat' dir='ltr'>quae</span> <span class='ocrx_word' id='word_1_175' title='bbox 1034 3290 1082 3363; x_wconf 87' lang='lat' dir='ltr'>ad</span> <span class='ocrx_word' id='word_1_176' title='bbox 1094 3307 1130 3367; x_wconf 84' lang='lat' dir='ltr'>te</span> <span class='ocrx_word' id='word_1_177' title='bbox 1148 3291 1287 3366; x_wconf 85' lang='lat' dir='ltr'>scribe·</span> <span class='ocrx_word' id='word_1_178' title='bbox 1391 3371 1392 3380; x_wconf 8' lang='grc' dir='ltr'>χ</span> 
     </span>
     <span class='ocr_line' id='line_1_26' title="bbox 280 3403 1392 3508; baseline 0.002 -29"><span class='ocrx_word' id='word_1_179' title='bbox 280 3423 412 3480; x_wconf 85' lang='lat' dir='ltr'>rentur</span> <span class='ocrx_word' id='word_1_180' title='bbox 433 3405 606 3504; x_wconf 83' lang='lat' dir='ltr'>digniora</span> <span class='ocrx_word' id='word_1_181' title='bbox 636 3403 791 3480; x_wconf 86' lang='lat' dir='ltr'>fortasse</span> <span class='ocrx_word' id='word_1_182' title='bbox 817 3409 1189 3508; x_wconf 71' lang='lat' dir='ltr'>animaduertissem,</span> <span class='ocrx_word' id='word_1_183' title='bbox 1218 3410 1291 3484; x_wconf 85' lang='lat' dir='ltr'>nisi</span> <span class='ocrx_word' id='word_1_184' title='bbox 1391 3433 1392 3450; x_wconf 61' lang='lat'>¹</span> 
     </span>
    </p>
   </div>
   <div class='ocr_carea' id='block_1_7' title="bbox 333 3782 1255 4093">
    <p class='ocr_par' dir='ltr' id='par_1_8' title="bbox 333 3782 1255 4093">
     <span class='ocr_line' id='line_1_27' title="bbox 336 3782 1255 3862; baseline 0.001 -22"><span class='ocrx_word' id='word_1_185' title='bbox 336 3784 364 3861; x_wconf 90' lang='lat'>1)</span> <span class='ocrx_word' id='word_1_186' title='bbox 384 3782 478 3859; x_wconf 81' lang='lat' dir='ltr'>Epist.</span> <span class='ocrx_word' id='word_1_187' title='bbox 494 3783 548 3858; x_wconf 80' lang='lat'>37,</span> <span class='ocrx_word' id='word_1_188' title='bbox 565 3804 596 3840; x_wconf 92' lang='lat' dir='ltr'>n.</span> <span class='ocrx_word' id='word_1_189' title='bbox 614 3783 662 3840; x_wconf 91' lang='grc' dir='ltr'>3ο.</span> <span class='ocrx_word' id='word_1_190' title='bbox 678 3784 773 3859; x_wconf 81' lang='lat' dir='ltr'>Epist.</span> <span class='ocrx_word' id='word_1_191' title='bbox 785 3784 839 3856; x_wconf 86' lang='grc'>38,</span> <span class='ocrx_word' id='word_1_192' title='bbox 852 3803 883 3840; x_wconf 82' lang='grc' dir='ltr'>ιι.</span> <span class='ocrx_word' id='word_1_193' title='bbox 898 3785 953 3856; x_wconf 73' lang='grc'>34,</span> <span class='ocrx_word' id='word_1_194' title='bbox 965 3795 996 3842; x_wconf 89' lang='lat' dir='ltr'>et</span> <span class='ocrx_word' id='word_1_195' title='bbox 1007 3785 1102 3862; x_wconf 85' lang='lat' dir='ltr'>Epist.</span> <span class='ocrx_word' id='word_1_196' title='bbox 1115 3785 1172 3858; x_wconf 73' lang='lat'>64,</span> <span class='ocrx_word' id='word_1_197' title='bbox 1184 3805 1215 3842; x_wconf 87' lang='lat' dir='ltr'>n.</span> <span class='ocrx_word' id='word_1_198' title='bbox 1228 3804 1255 3844; x_wconf 81' lang='lat' dir='ltr'>a.</span> 
     </span>
     <span class='ocr_line' id='line_1_28' title="bbox 333 3898 968 3980; baseline 0.005 -23"><span class='ocrx_word' id='word_1_199' title='bbox 333 3902 362 3978; x_wconf 84' lang='lat' dir='ltr'>a)</span> <span class='ocrx_word' id='word_1_200' title='bbox 384 3903 416 3957; x_wconf 91' lang='lat' dir='ltr'>C.</span> <span class='ocrx_word' id='word_1_201' title='bbox 432 3898 465 3972; x_wconf 81' lang='lat'>5,</span> <span class='ocrx_word' id='word_1_202' title='bbox 478 3900 517 3957; x_wconf 87' lang='lat' dir='ltr'>ad</span> <span class='ocrx_word' id='word_1_203' title='bbox 529 3921 560 3957; x_wconf 88' lang='lat' dir='ltr'>n.</span> <span class='ocrx_word' id='word_1_204' title='bbox 574 3900 611 3967; x_wconf 70' lang='lat'>54</span> <span class='ocrx_word' id='word_1_205' title='bbox 627 3901 696 3971; x_wconf 68' lang='lat' dir='ltr'>cin,</span> <span class='ocrx_word' id='word_1_206' title='bbox 714 3913 745 3958; x_wconf 85' lang='lat' dir='ltr'>et</span> <span class='ocrx_word' id='word_1_207' title='bbox 757 3901 818 3958; x_wconf 85' lang='lat' dir='ltr'>tab.</span> <span class='ocrx_word' id='word_1_208' title='bbox 834 3921 850 3972; x_wconf 91' lang='lat'><strong>7</strong></span> <span class='ocrx_word' id='word_1_209' title='bbox 864 3912 894 3958; x_wconf 92' lang='lat' dir='ltr'>et</span> <span class='ocrx_word' id='word_1_210' title='bbox 905 3921 968 3980; x_wconf 87' lang='lat' dir='ltr'>seq.</span> 
     </span>
     <span class='ocr_line' id='line_1_29' title="bbox 333 4012 710 4093; baseline 0.005 -21"><span class='ocrx_word' id='word_1_211' title='bbox 333 4012 362 4093; x_wconf 83' lang='lat'>3)</span> <span class='ocrx_word' id='word_1_212' title='bbox 384 4015 459 4072; x_wconf 88' lang='lat' dir='ltr'>Tab.</span> <span class='ocrx_word' id='word_1_213' title='bbox 477 4033 527 4086; x_wconf 87' lang='lat'>10,</span> <span class='ocrx_word' id='word_1_214' title='bbox 543 4013 593 4092; x_wconf 81' lang='lat' dir='ltr'>fig.</span> <span class='ocrx_word' id='word_1_215' title='bbox 608 4016 624 4074; x_wconf 89' lang='grc'>3</span> <span class='ocrx_word' id='word_1_216' title='bbox 640 4027 669 4073; x_wconf 83' lang='lat' dir='ltr'>et</span> <span class='ocrx_word' id='word_1_217' title='bbox 682 4025 710 4086; x_wconf 70' lang='lat'>4.</span> 
     </span>
    </p>
   </div>
   <div class='ocr_carea' id='block_1_8' title="bbox 318 3783 332 4096">
    <p class='ocr_par' dir='ltr' id='par_1_9' title="bbox 318 3783 332 4096">
     <span class='ocr_line' id='line_1_30' title="bbox 319 3783 332 3861; baseline 0 0"><span class='ocrx_word' id='word_1_218' title='bbox 319 3783 332 3861; x_wconf 72' lang='lat' dir='ltr'>i</span> 
     </span>
     <span class='ocr_line' id='line_1_31' title="bbox 318 3901 330 3978; baseline 0 0"><span class='ocrx_word' id='word_1_219' title='bbox 318 3901 330 3978; x_wconf 76' lang='lat' dir='ltr'>i</span> 
     </span>
     <span class='ocr_line' id='line_1_32' title="bbox 320 4014 331 4096; baseline 0 0"><span class='ocrx_word' id='word_1_220' title='bbox 320 4014 331 4096; x_wconf 75' lang='lat' dir='ltr'>i</span> 
     </span>
    </p>
   </div>
   <div class='ocr_carea' id='block_1_9' title="bbox 0 0 1419 4652">
    <p class='ocr_par' dir='ltr' id='par_1_10' title="bbox 0 0 1419 4652">
     <span class='ocr_line' id='line_1_33' title="bbox 0 0 1419 4652; baseline 0 0"><span class='ocrx_word' id='word_1_221' title='bbox 0 0 1419 4652; x_wconf 95' lang='lat' dir='ltr'> </span> 
     </span>
    </p>
   </div>
  </div>
 </body>
</html>
