2812 4656
156 395 224 444 au.
241 396 290 442 tr.
311 395 358 442 ur
376 391 512 442 atoams
524 393 724 459 caraune„
742 385 811 442 etc.
829 397 941 443 srrsr.
959 398 991 443 n
1021 374 1088 472 287

88 535 193 612 posse
205 508 440 608 producere3
462 511 630 605 itemque
651 531 826 578 cancrum
851 511 974 580 curari
992 509 1092 607 diffl-

87 627 219 702 cillime
244 634 283 697 ln
307 625 447 698 femina
473 624 757 698 melancholica.
798 629 892 697 Sunt
923 629 1023 696 enim
1055 640 1092 701 et

87 746 181 846 apud
203 771 274 817 nos
293 759 594 844 temperamento
607 743 681 814 hoc
696 726 886 840 quaedam3
911 769 990 815 non
1008 771 1091 816 om-

88 889 174 938 nes:
193 865 320 963 quain
338 887 379 936 re
399 864 528 935 nescio
548 863 633 960 quis
652 887 791 960 magno
816 861 870 932 illi
894 865 976 933 viro
998 863 1093 936 adeo
1127 951 1131 958 ι

88 983 324 1080 imposuerit,
358 995 399 1052 ut
432 979 553 1051 Italos
587 979 752 1051 traderet
779 979 836 1075 (ι’)
869 979 925 1050 ad
950 1003 1093 1052 annum

90 1106 206 1174 aetaais
229 1099 414 1170 decimum
434 1113 606 1170 octavum
632 1096 777 1192 vt'ridos
802 1113 839 1168 et
869 1097 1094 1172 ludibundos

90 1243 157 1290 csse
171 1245 182 1290 .·
194 1233 288 1317 post
303 1222 529 1314 trigesimum
547 1240 689 1285 annum
706 1221 827 1288 tristes
851 1241 997 1307 omnes,
1015 1243 1093 1289 mo·

90 1361 206 1426 rosor,
224 1332 539 1422 melancholicos,
559 1347 597 1404 et
609 1330 972 1407 haemorrhot'darios
987 1341 1091 1435 fieri.

90 1461 267 1528 Caeterum
295 1479 378 1526 eam
414 1453 616 1526 nobiscum
646 1451 950 1526 observationem
986 1457 1094 1530 annis

90 1572 342 1672 superioribus
371 1597 440 1670 per
468 1572 611 1642 litteras
638 1573 933 1644 communicavit
960 1574 1094 1649 doctus
1206 1664 1209 1670 ¹

89 1707 122 1764 et
133 1705 322 1791 spectatus
342 1693 401 1760 vir
421 1695 477 1761 Jo.
503 1689 668 1787 Baptista
687 1688 942 1779 Charburius,
962 1709 1094 1764 noster

90 1810 172 1902 olim
192 1807 466 1882 dilectissimus
487 1806 675 1910 auditor,
690 1827 794 1878 nunc
816 1821 940 1880 autem
957 1813 1095 1910 Regius

91 1931 258 2026 Augustae
282 1926 534 1997 Taurinorum
562 1921 755 2023 professor
774 1925 946 2022 practicae
975 1929 1094 2000 medi-

92 2047 173 2116 cinae
192 2044 408 2144 primarius.
728 2040 730 2046 ’

134 2164 189 2252 48.
209 2163 364 2234 Rustica
384 2162 539 2247 mulier,
562 2179 683 2231 annos
703 2173 789 2230 nata
815 2159 964 2232 circiter
983 2164 1095 2260 quin-

93 2282 285 2380 quaginta,
309 2280 497 2352 sinistram
513 2299 715 2349 mammam
733 2273 829 2348 forte
846 2294 1093 2376 percusserat.

95 2401 133 2468 In
150 2399 219 2472 hac
238 2413 328 2498 post
347 2416 516 2468 mensem
545 2393 662 2468 ferme
694 2419 731 2467 se
762 2395 932 2493 prodidit
952 2411 1097 2490 tumor,

96 2538 200 2614 quem
229 2516 369 2588 frustra
395 2514 535 2586 fotibus
562 2513 717 2601 resolvi,
752 2511 890 2586 frustra
911 2535 1129 2615 compres·

96 2637 193 2708 sione
210 2634 400 2734 plumbeae
429 2655 601 2706 concava
621 2631 769 2702 laminae
787 2635 954 2704 coerceri
986 2658 1097 2733 posse

99 2767 280 2852 speratum
307 2767 372 2826 est.
399 2750 634 2851 Augescebat
664 2751 783 2838 enirn,
804 2765 845 2822 ut
864 2751 963 2824 intra
983 2758 1098 2854 septi-

99 2895 208 2964 mum,
223 2872 273 2944 ab
301 2873 380 2944 ictu
401 2893 572 2943 mensem
591 2895 624 2942 ,a
650 2869 868 2967 superiore,
891 2871 1099 2973 eademque

100 2958 429 3064 exteriramammae
449 3003 579 3087 parte,
599 2987 665 3058 ubi
689 2986 810 3058 multo
829 2991 1007 3079 crassior,
1028 2987 1100 3064 du·
1139 3050 1142 3060 .

101 3108 192 3199 rior,
211 3111 404 3208 magisque
426 3106 603 3178 abnormi
620 3091 740 3204 figura
760 3119 859 3193 erat,
878 3101 975 3176 infra
994 3133 1100 3180 areo-

103 3225 169 3297 lam
185 3228 261 3324 jam
287 3224 556 3298 descenderet:
579 3223 688 3318 cujus
717 3221 857 3320 papilla
881 3223 980 3295 iutra
1010 3225 1102 3301 altas

103 3342 239 3442 aliquot
257 3357 487 3415 transversas
506 3363 619 3437 rugas
644 3354 723 3410 tota
744 3341 1023 3438 propemodum
1049 3345 1103 3452 lq-

103 3460 207 3533 tebat.
229 3461 306 3534 Sub
326 3461 502 3559 proxima
527 3457 636 3530 axilla
662 3457 741 3528 aliae
759 3456 818 3530 his
845 3458 983 3532 similes
1004 3489 1105 3562 rugae

106 3579 509 3667 animadvertebantur,
537 3575 725 3673 dolorque
752 3591 831 3647 erat
858 3575 906 3647 ad
937 3578 1104 3672 axillam,

146 3945 188 4025 (r)
206 3949 285 4008 Ibid.
299 3950 336 4008 ad
348 3957 364 4020 S
378 3950 447 4025 897.
