2872 4660
331 434 380 506 60
498 458 543 502 DE
570 455 716 503 SEDIBUS
741 457 785 501 ΕΤ
811 436 935 501 causts'
961 453 1171 499 MORBORUM

292 587 297 594 ·
330 567 491 638 biduum
507 568 661 665 quidem
677 583 898 666 perceperat
915 581 1052 651 mater,
1069 581 1199 664 postea
1212 580 1348 635 autem

332 710 413 756 non
426 701 663 783 perceperat,
682 699 857 756 mortuus
869 684 992 756 editus
1011 681 1141 756 fuerat.
1158 681 1344 754 Secundae

333 827 420 873 cum
438 803 522 900 ipso
544 802 591 872 ad
621 829 682 874 me
707 818 795 874 sunt
820 803 937 874 allatae
967 801 1037 875 sub
1067 801 1218 872 initium
1240 799 1344 895 junii
1418 794 1419 809 ¹

333 923 424 995 anni
455 921 557 1018 1731.
584 926 628 992 In
650 921 722 993 illis
742 921 816 992 hoc
838 946 959 992 unum
988 919 1094 1019 quod
1113 934 1248 1018 praeter
1270 943 1343 988 na-

331 1053 457 1110 turam
477 1053 591 1128 esset,
607 1039 745 1110 inveni.
767 1043 861 1110 Cum
878 1037 1011 1110 faciem
1020 1039 1341 1137 placentaecavam

332 1158 580 1255 inspicerem,
605 1159 703 1228 intra
724 1158 805 1253 ejus
831 1157 1100 1249 substantiam,
1135 1155 1342 1227 duoruma

332 1272 492 1346 funiculi
506 1276 711 1372 insertione
731 1274 935 1372 digitorum
957 1264 1176 1364 intervallo,
1200 1295 1341 1371 corpus

332 1393 522 1490 transpexi
539 1393 666 1464 colore
680 1418 724 1464 ex
736 1392 823 1471 albo
835 1392 1057 1465 subflavum.
1069 1392 1180 1483 Quod
1191 1415 1338 1478 secanS,

333 1525 573 1608 compactum
603 1511 681 1582 vidi
710 1537 755 1582 ex
785 1513 918 1584 crassis
951 1513 1058 1608 quasi
1084 1509 1338 1597 membranis,

332 1653 493 1726 quarum
516 1629 594 1700 aliae
616 1629 696 1700 aliis
718 1645 841 1701 essent
867 1630 1060 1728 impositae.
1094 1633 1189 1702 Cum
1218 1627 1338 1724 majus

330 1771 410 1818 non
433 1761 529 1818 esset
547 1747 706 1819 articulo
721 1747 856 1818 ultimo
870 1749 946 1819 mei
966 1748 1073 1848 digiti
1089 1747 1257 1833 minimi;
1278 1769 1335 1818 sa·

329 1866 377 1937 tis
395 1889 512 1936 causae
531 1889 610 1935 non
636 1881 691 1938 est
706 1870 847 1955 visum,
867 1891 934 1938 cur
960 1863 1164 1966 ipsifoetus
1188 1863 1337 1934 obitum

331 1983 578 2081 imputarem,
595 1999 660 2055 aut
680 2001 762 2055 earn
788 2009 903 2086 quarn
922 1979 962 2054 iu
980 1982 1188 2056 visceribus
1204 1981 1337 2080 pleris-

333 2127 405 2199 que
433 2101 721 2172 mollitudinem
738 2101 986 2172 animadverti
1003 2117 1168 2197 tantam,
1197 2115 1240 2170 ut
1260 2123 1339 2170 non

325 2219 434 2315 jecur
445 2217 561 2290 modo
577 2235 716 2290 attactu
731 2218 938 2309 difflueret,
958 2219 1024 2293 sed
1033 2243 1169 2291 renum
1180 2242 1335 2318 quoque

327 2338 455 2408 tunica
471 2337 587 2408 incisa
597 2391 607 2422 ‚
618 2337 757 2408 horum
771 2338 978 2410 substantia
996 2338 1112 2436 pultis
1128 2339 1246 2410 instar
1266 2363 1333 2410 ru·

328 2454 503 2527 bicundae
517 2479 556 2526 se
569 2451 790 2528 effunderet.

333 2621 336 2626 -
379 2579 435 2660 24.
453 2573 603 2644 Gemini
620 2598 725 2670 aeque
746 2576 825 2646 sani
848 2575 1064 2664 etvivaces,
1076 2575 1179 2670 justo
1202 2587 1340 2672 partus¹

328 2694 501 2788 temp0re
529 2690 606 2761 nati
624 2707 748 2776 erant,
767 2693 878 2789 junio
908 2693 1051 2790 pariter
1069 2693 1244 2780 ineunte,
1269 2689 1336 2762 sed

308 2831 430 2896 anno
448 2812 556 2903 ἔ1749.
602 2811 605 2818 ’

376 2923 586 3012 Secundus,
619 2951 711 3024 quas
742 2926 926 2998 Mediavia
947 2951 1054 2998 meus
1081 2928 1265 2998 continuo
1289 2925 1336 2997 ad
1419 2911 1420 2920 ἵ

327 3067 387 3112 me
398 3040 639 3140 perferendas
653 3060 866 3134 curaverat,
880 3043 1082 3143 diligenter
1098 3045 1332 3134 examinum,

327 3185 414 3232 cum
433 3161 502 3231 alia
523 3186 604 3259 quae
625 3161 740 3260 hujus
751 3163 825 3234 loci
840 3188 920 3233 non
937 3179 1046 3252 sunt,
1062 3179 1142 3234 turn
1156 3164 1238 3234 haec
1250 3188 1334 3261 quae
1372 3243 1375 3257 ,

326 3293 435 3366 sunt,
455 3281 710 3352 animadverti.
733 3282 994 3353 Placentarum
1013 3281 1129 3353 altera
1143 3277 1334 3378 (namsin-
1419 3351 1420 3384 3

325 3396 421 3494 gulis
440 3395 591 3471 foetibus
609 3377 764 3496 singula
781 3397 1018 3497 obtigerant,
1038 3399 1138 3471 inter
1164 3425 1202 3472 se
1227 3399 1333 3498 quod

325 3516 445 3586 rarius
459 3513 520 3605 fit,
533 3517 691 3588 omnino
709 3517 904 3613 sejunctae3
920 3543 1000 3588 non
1017 3518 1134 3588 modo
1147 3517 1335 3590 membra·

324 3655 458 3708 narum
474 3634 686 3728 claustrum¹
698 3649 776 3706 erat
793 3649 836 3706 ut
852 3635 946 3707 solet
965 3635 1191 3724 mediastino
1213 3661 1335 3707 mem-

288 3777 291 3784 ·
323 3748 465 3820 braneo
493 3753 651 3822 omnino
681 3753 820 3849 pariter
857 3751 1042 3852 divisum)
1074 3755 1334 3854 placentarum
1419 3771 1420 3792 ¹

322 3861 675 3964 igitur'alterahaud
690 3856 740 3940 ita
750 3870 886 3967 procul
902 3870 949 3942 ab
968 3895 1034 3942 ora
1051 3871 1335 3970 corpushabuit

323 3985 430 4084 digiti
448 3986 594 4084 pollicis
610 3987 810 4078 diametr0‚
830 4013 851 4058 a
869 4013 1036 4062 convexa
1052 3989 1099 4062 ad
1123 4013 1253 4062 cavam
1280 3986 1333 4082 fa·
