2854 4660
299 429 371 504 326
464 453 510 500 nr
536 451 681 500 scurrus
706 453 751 498 rr
776 451 900 500 cuusrs
925 449 1137 502 moruorum

276 699 281 706 η
298 684 1291 710 mfflfflfflfflfflmmmmm

367 865 600 942 EPISTOLA
624 867 1124 944 ANATOMICO-MEDICA
1151 870 1214 944 LI.

326 1105 384 1174 De
408 1099 648 1186 Vulneribus,
668 1113 706 1168 et
722 1099 858 1170 Ictibus
877 1103 1015 1198 Capitis
1030 1102 1151 1174 verba
1159 1103 1277 1198 fiunt.

300 1323 411 1452 Tor
429 1394 517 1452 sunt
533 1403 616 1476 quae
641 1377 688 1450 ad
713 1375 870 1450 vulnera
894 1393 931 1449 et
956 1379 1052 1452 ictus
1083 1382 1248 1453 attinent
1266 1381 1299 1449 in

303 1497 480 1570 Valsalvae
496 1494 644 1567 schedis
657 1494 956 1584 observationes,
972 1511 1014 1568 ut
1029 1498 1059 1568 si
1073 1498 1161 1568 unis
1176 1497 1301 1569 litteris

305 1613 506 1711 complecti
523 1613 633 1684 velim
654 1614 865 1700 universuS,
889 1612 1029 1712 librum
1048 1613 1180 1686 videar
1203 1613 1250 1684 ud
1272 1628 1302 1684 te

305 1729 469 1817 mittere,
486 1755 563 1802 non
581 1729 787 1827 epistolam.
807 1734 938 1828 Itaque
960 1729 1125 1802 dividere
1154 1747 1302 1803 coactus

307 1847 514 1924 secundum
534 1848 653 1919 varias
672 1846 824 1918 illorum
850 1846 976 1935 sedes,
998 1871 1059 1919 eas
1078 1873 1163 1944 quae
1184 1847 1232 1919 ad
1253 1871 1303 1920 ca·

307 1982 375 2065 put
394 1980 583 2064 spectant,
597 1989 702 2036 nunc
716 1967 844 2053 mitt0,
864 1980 1011 2038 caeteras
1021 1965 1204 2064 deinceps
1225 1967 1305 2036 mis·

308 2107 428 2156 surus.
449 2083 505 2156 Ab
521 2087 564 2156 iis
580 2098 706 2154 autem
725 2085 909 2182 incipiens
927 2084 967 2154 in
985 2084 1124 2182 quibus
1140 2087 1304 2155 cranium

309 2202 421 2288 nihil,
437 2216 500 2274 aut
512 2202 630 2273 levius
642 2198 762 2272 fuerat
776 2202 923 2290 laesum,
938 2201 985 2272 ad
1013 2227 1074 2274 eas
1088 2203 1305 2300 progrediar

309 2319 510 2418 inquibus
534 2320 644 2416 plane
670 2315 816 2410 fissum,
842 2335 907 2392 aut
926 2317 1154 2418 perfractum
1180 2323 1306 2392 inven-

311 2453 392 2510 tum
408 2453 472 2509 est.

364 2583 396 2626 α.
413 2536 651 2642 Adolescens,
670 2579 858 2626 annorum
868 2553 1067 2642 sexdecim,
1079 2554 1256 2650 conjecto
1266 2554 1306 2623 lu·

312 2673 627 2773 pide-percutitur
644 2675 683 2742 in
697 2674 844 2745 sinistra
866 2675 1048 2771 sincipitis
1071 2687 1177 2770 parte
1195 2695 1305 2771 prope

190 2811 193 2816 “
315 2805 484 2862 suturam
502 2789 775 2878 lambdoidem,
802 2791 1000 2862 intervallo
1020 2789 1185 2860 duorum
1216 2789 1306 2860 circi·

312 2924 371 2980 ter
405 2908 607 3006 digitorum
638 2931 659 2978 a
687 2907 853 3005 sagittuli.
885 2907 1039 2980 Nullum
1069 2923 1306 2980 consecutum

316 3041 371 3099 est
388 3041 598 3124 symptoma
613 3040 746 3097 notatu
758 3025 935 3123 dignum,
952 3026 1023 3097 nisi
1036 3025 1141 3122 quod
1151 3023 1307 3096 vulneris

315 3143 418 3215 labra
435 3159 631 3231 tumuere,
655 3141 768 3239 idque
789 3142 932 3238 aliquot
958 3157 1103 3213 tantum
1129 3141 1209 3214 dies
1230 3153 1306 3211 ante

282 3271 284 3274 ’
317 3260 571 3332 undecimum.
590 3263 676 3351 Quo
694 3258 754 3331 die
779 3283 816 3330 se
838 3259 1005 3357 prodidit
1024 3258 1138 3330 febris
1155 3283 1242 3329 cum
1260 3255 1309 3326 fri·

320 3402 423 3474 gore,
451 3392 487 3448 et
504 3378 681 3464 vomitu,
712 3391 748 3447 at
773 3377 852 3448 sine
872 3377 948 3448 ulla
977 3377 1106 3474 capitis
1133 3375 1305 3446 molestia.

318 3494 515 3566 Subsecuti
532 3509 619 3566 sunt
635 3510 760 3566 motus
778 3496 999 3581 convulsivi‚
1027 3494 1215 3591 aphonia,
1236 3515 1309 3564 sur·

320 3611 430 3699 ditas,
456 3613 596 3684 caecitas
627 3627 663 3683 et
702 3612 849 3684 decimo
881 3629 1016 3710 quarto
1048 3612 1108 3682 die
1143 3614 1307 3695 ineunte,

320 3753 432 3799 mors.
457 3731 633 3802 Cronium
656 3745 734 3800 erat
749 3730 933 3818 illaesum,
948 3707 991 3800 et
1009 3745 1135 3801 tamen
1154 3728 1306 3824 subjecta

262 3903 270 3920 .
320 3846 468 3916 vulneri
481 3846 574 3918 dura
591 3850 745 3920 meninx
762 3862 866 3920 tanto
884 3849 1001 3917 ferme
1021 3847 1158 3949 spatio,
1176 3857 1305 3942 quanto

320 3960 440 4034 fuerat
457 3965 611 4053 vulnus,
635 3967 786 4038 iuventa
806 3981 861 4039 est
889 3966 1068 4054 crassior,
1089 3965 1225 4053 laxior,
1251 3982 1306 4034 su-
