2872 4660
297 363 344 450 8'8
460 403 507 450 ua
534 401 678 458 sturnus
703 403 747 448 ar
773 399 896 448 causis
923 399 1132 446 noanonuu

294 515 501 613 legitimum
522 516 684 612 quintae,
701 530 867 587 ansext‘ae
884 514 1104 612 gestationis
1119 512 1218 584 uteri
1230 527 1307 584 ter·

293 635 534 706 minumuon
546 631 744 704 infeliciter
758 632 1010 728 pervenisset,
1029 645 1175 718 tantum
1194 653 1308 728 aqua·

295 777 381 824 rum
402 752 475 822 vim
501 777 580 822 uno
598 765 712 848 atque
732 747 867 822 eodem
887 765 1060 847 tempore
1086 774 1105 820 e
1133 748 1308 848 genitali·

293 870 366 942 bus
392 867 576 968 profudit,
595 883 638 941 ut
661 892 794 940 omnes
828 868 1074 953 mirarentur,
1101 891 1182 937 non
1210 867 1307 964 ipsa.

293 986 439 1059 Sciebat
458 988 576 1072 enim,
598 1010 636 1057 se
656 986 777 1056 multo
791 984 876 1082 plus
890 1009 995 1083 aquae
1014 983 1154 1056 bibisse
1174 985 1214 1054 in
1233 983 1308 1054 hac

292 1107 518 1204 gestatione,
535 1129 694 1202 eamque
705 1127 773 1202 per
790 1104 908 1174 urinae
922 1104 1000 1174 vias
1014 1126 1143 1206 mense
1161 1102 1305 1174 ultimo

291 1224 444 1320 parcius
462 1246 576 1319 quarn
598 1220 764 1309 solebat,
792 1220 987 1318 prodiisse.
1010 1218 1109 1290 Illud
1138 1219 1308 1292 miraba-

291 1354 374 1427 tur,
399 1363 485 1409 cum
504 1339 593 1410 alias
613 1363 797 1436 aquarum
819 1335 1044 1410 effusionem
1073 1361 1224 1435 semper
1247 1339 1309 1408 in-

294 1453 415 1528 fantes
432 1456 508 1528 suis
522 1479 608 1526 cum
627 1455 805 1528 secundis
815 1456 916 1528 illico
931 1456 1049 1528 secuti
1063 1470 1204 1542 essent,
1223 1479 1309 1554 par-

292 1588 429 1670 tusque
442 1570 596 1645 fuissent
615 1570 839 1660 felicissimi,
859 1574 1008 1646 tametsi
1025 1573 1079 1644 illi
1097 1597 1233 1645 omnes
1246 1573 1307 1644 in·
1414 1612 1415 1630 κ

298 1705 356 1760 tra
394 1688 492 1760 diem
529 1675 896 1788 quintumdecimum
927 1694 1051 1762 vivere
1085 1689 1306 1780 desiissent;

296 1806 524 1895 mirabatur,
549 1810 725 1906 inquam,
753 1834 856 1880 nnnc
876 1823 961 1906 post
991 1831 1107 1906 aquas
1133 1806 1308 1906 profusas

297 1923 420 2023 pridie
434 1924 504 1998 sub
523 1947 717 2012 auroram,
737 1927 804 2024 qui
822 1927 901 1998 (lies
918 1923 1038 2016 luerat
1064 1951 1104 1996 12
1127 1923 1307 2016 kalendas

295 2043 598 2132 martii,alterum
610 2044 686 2140 jam
700 2044 894 2116 advenisse
913 2042 1026 2131 diem,
1039 2058 1308 2142 nequepraeter

298 2186 460 2259 aqueum
474 2163 540 2260 qui
553 2161 741 2234 destillare
755 2161 935 2260 pergebat
946 2215 955 2250 ,
965 2161 1184 2249 humorem,
1201 2160 1310 2258 quid·

301 2303 416 2377 quam
435 2281 584 2367 exiisse3
599 2304 688 2350 cum
707 2304 793 2352 ecce
813 2279 946 2362 eodem
962 2303 1072 2350 mane
1091 2279 1201 2350 simul
1219 2303 1307 2350 cum

300 2421 346 2466 eo
369 2395 531 2466 humore
553 2396 667 2492 coepit
686 2397 900 2466 meconium
919 2376 1094 2468 defluere.
1112 2395 1310 2486 Quamob-

297 2537 378 2584 rem
396 2528 482 2610 post
502 2511 698 2583 meridiem
718 2512 765 2584 ad
785 2539 845 2586 me
871 2530 1026 2586 ventum
1044 2529 1120 2602 est,
1149 2528 1191 2586 ut
1210 2515 1309 2584 invi-

295 2655 401 2716 sere,
430 2645 466 2701 et
486 2630 642 2702 consilia
658 2630 829 2704 conferre
850 2657 936 2706 cum
957 2635 1036 2729 ejus
1056 2631 1206 2704 medico
1227 2656 1307 2704 non

198 2793 200 2796 -
294 2772 477 2844 gravarer.
508 2751 629 2838 Quem
657 2773 743 2821 cum
769 2750 994 2822 audivissem
1030 2776 1073 2823 ea
1100 2747 1240 2839 lacere,
1270 2767 1307 2822 et

297 2866 386 2934 dare
412 2867 664 2963 cogitantem,
696 2867 799 2954 unde
828 2870 946 2956 uteri,
975 2869 1040 2966 qui
1076 2869 1306 2965 conquieve-

297 2998 404 3070 rant,
423 2982 590 3068 dolores,
618 2999 852 3082 conatusque
880 2987 1094 3058 restitutum
1115 2987 1161 3056 iri
1181 3010 1306 3084 spera-

295 3115 375 3189 ret;
398 3126 467 3200 ego
484 3103 784 3200 ve1·0,iuquam,
814 3104 979 3201 primum
1008 3104 1179 3174 omniurn
1203 3128 1305 3200 quae-

297 3218 459 3290 rendum
471 3218 655 3308 arbitror,
677 3246 724 3292 an
743 3217 854 3293 foetus
870 3246 925 3295 ,ea
944 3219 1065 3320 figura
1083 3224 1128 3294 sit
1150 3220 1306 3320 disposi-

298 3349 358 3406 tus
372 3360 454 3432 quae
469 3337 677 3408 secundum
693 3355 866 3410 naturam
883 3341 1108 3436 requiritur,
1124 3364 1145 3410 a
1160 3365 1257 3436 qua,
1273 3341 1304 3416 si

298 3453 405 3522 vivus
419 3454 483 3540 sit,
501 3479 548 3524 ne
564 3453 682 3544 absit,
711 3481 866 3546 vereor3
887 3472 998 3553 atque
1022 3473 1063 3528 ut
1083 3459 1134 3528 sic
1154 3481 1303 3546 verear,

250 3659 257 3684 Ι
295 3571 457 3643 meconii
479 3574 597 3644 exitus
616 3571 715 3646 facit.
743 3574 814 3646 Sed
835 3575 926 3672 quid
943 3577 993 3648 ait
1013 3574 1215 3648 obstetrix?
1235 3575 1304 3673 Illa

294 3710 402 3775 veru,
438 3690 565 3777 aiunt,
592 3690 631 3758 in
662 3705 918 3763 transversum
945 3692 1109 3762 locatum
1141 3692 1302 3778 censuit,

294 3819 475 3900 quantum
506 3831 550 3876 ex
578 3811 738 3878 materni
764 3807 976 3880 abdominis
1004 3808 1302 3880 contrectatione

295 3923 419 4018 potnit
435 3925 644 3998 existimare
668 3933 676 3994 τ’
699 3927 826 3998 vivum
840 3942 963 4000 autern
980 3953 1057 4000 esse
1079 3941 1198 4000 mater
1222 3950 1301 3998 non
