2872 4660
1103 363 1114 389 t

275 424 340 506 'dli
432 443 479 488 nn
505 439 650 488 seorsus
674 439 719 486 rr
745 437 869 489 causis
896 411 1107 485 Mouaouou
1216 506 1219 515 Ι

292 557 484 654 prospicio
521 557 560 625 in
595 569 700 626 tanto
733 553 983 658 prolixiorem!
1011 575 1124 649 quam
1170 565 1301 648 putre,

292 697 505 746 sermonem
521 688 698 771 oportere
718 697 778 742 me
793 669 964 767 ingredi,
984 684 1027 742 ut
1039 668 1143 740 tibia
1160 691 1303 768 propo-

291 790 488 888 sitohujus
505 789 669 889 epistolae
690 789 966 888 digredivideri
987 789 1147 886 possim;
1165 785 1303 860 faciam

289 921 416 980 tamen
435 935 513 980 non
529 908 737 996 illibenter,
756 923 837 978 tum
854 907 958 1004 quia,
976 907 1006 978 si
1026 905 1127 976 huuc
1147 920 1305 1004 praeter·

291 1028 460 1115 mittam,
489 1027 618 1098 nullus
643 1025 737 1096 milri
763 1025 949 1122 supererit
971 1039 1210 1124 opportunus
1231 1039 1304 1095 tuae

291 1145 352 1216 isti
375 1144 620 1241 postulationi
640 1141 890 1215 satisfaciendi
907 1142 1030 1234 locus,
1050 1157 1130 1213 tum
1148 1143 1237 1240 quia
1255 1141 1304 1213 si·

291 1261 373 1332 mul
390 1260 429 1329 in
454 1260 616 1358 aliquem
635 1259 807 1332 ordinem
832 1262 1051 1332 innumeras
1066 1259 1184 1332 ferme
1200 1261 1305 1332 renis

206 1466 209 1488 ¹
293 1379 407 1448 unius
435 1377 715 1450 observationes
736 1378 907 1477 redigere
922 1378 1111 1467 conabor,
1130 1377 1255 1476 quod,
1275 1378 1306 1451 sl

274 1509 445 1593 potem,
474 1521 551 1566 nou
584 1497 654 1567 erit
685 1497 817 1568 inutile
850 1494 1027 1569 effecisse.
1061 1495 1172 1569 Nunc
1203 1497 1306 1570 enim

294 1629 395 1685 certe
413 1613 532 1685 multo
548 1612 642 1711 mihi
663 1611 807 1686 facilius
827 1630 924 1687 esset
941 1613 1009 1686 tibi
1028 1613 1259 1704 satisfacere,
1278 1615 1308 1686 si

296 1732 363 1830 qui
383 1748 469 1830 post
494 1734 625 1803 Pinum
643 1731 701 1830 (1)
724 1733 868 1804 inventi
887 1733 1002 1803 unius
1029 1747 1176 1804 tautum
1205 1734 1308 1806 renis

298 1852 468 1949 exempla
504 1851 762 1949 collegerunt,
797 1848 1030 1922 Scheuokius
1062 1849 1143 1947 (a),
1170 1849 1308 1921 Bouhi-

296 1994 370 2040 nus
392 1969 468 2067 (3),
485 1971 665 2042 Riolauus
680 1970 749 2066 (Δ),
762 1969 967 2040 Pauarolus
978 1967 1227 2066 (5),Rh0dius
1242 1967 1310 2066 (6),’

295 2089 458 2164 llornius
476 2089 553 2188 (7),
585 2082 726 2161 Blasius
740 2087 810 2184 (8),
841 2093 1006 2160 Francus
1022 2085 1102 2184 (9),
1134 2085 1308 2160 Hilsche·

293 2228 358 2276 rus
375 2205 470 2303 (ro),
501 2207 638 2304 aliique
666 2205 844 2304 deinceps
869 2203 1040 2302 exempla
1055 2205 1201 2292 omnia,
1223 2229 1308 2302 quae

298 2347 364 2396 sua
388 2325 548 2420 quisque
565 2339 668 2394 aetate
688 2324 765 2418 jam
784 2323 906 2410 edita,
935 2319 1078 2394 facilius
1106 2337 1308 2420 poterant,

298 2443 601 2538 proposuissent,
618 2455 654 2512 et
669 2441 865 2538 proposita
884 2440 1059 2512 incertas
1080 2441 1216 2512 classes
1238 2439 1312 2513 dis·

297 2557 527 2638 tribuissent.
543 2558 602 2628 Illi
616 2583 705 2628 vero
721 2559 865 2655 aliqua,
883 2558 923 2628 in
937 2555 1057 2630 obviis
1072 2560 1182 2630 etiam
1200 2557 1310 2632 libris

300 2677 478 2748 exstantia
492 2676 845 2773 ‚praetermiserunt,
865 2690 902 2746 et
915 2701 997 2772 quae
1016 2675 1247 2774 produxere,
1264 2702 1309 2764 ea

299 2789 376 2896 fere
420 2794 654 2890 promiscue⁴
674 2792 840 2866 indicare
875 2808 1178 2882 consueverunt,
1220 2817 1307 2866 cum
1425 2821 1426 2828 ¹

341 3077 352 3158 ζ
372 3078 385 3157 )
404 3083 517 3136 Annot.
537 3081 575 3136 ad
589 3099 656 3156 pag.
674 3077 731 3150 51,
748 3080 781 3150 8,
795 3079 898 3154 opusc.
913 3092 992 3136 anat.
1005 3077 1144 3136 Eustach.
1200 3117 1209 3134 .

338 3175 477 3254 ()0bs.
497 3183 574 3236 med.
593 3197 652 3236 rar.
666 3179 802 3248 l.3‚ubi
814 3179 851 3236 de
869 3180 965 3236 renib.
984 3179 1124 3235 obs.2et
1137 3177 1165 3234 3.
1230 3253 1233 3258 .

373 3274 383 3356 )
404 3280 440 3334 In
452 3279 562 3336 notulis
575 3279 613 3336 ad
626 3275 730 3349 theatr.
745 3289 823 3334 anat.
839 3279 860 3334 l.
880 3295 912 3350 ι,
926 3298 953 3336 c.
967 3296 1015 3336 aa.

372 3373 382 3453 )
404 3375 609 3456 Anthropogr.
627 3380 646 3433 l.
663 3397 697 3448 2,
714 3397 739 3434 c.
757 3377 804 3432 26.

372 3479 382 3556 )
404 3480 600 3556 Iatrologism.
617 3491 733 3554 pentec.
751 3497 763 3556 ¹.
772 3517 781 3548 ,
799 3477 863 3533 obs.
875 3477 904 3532 3.

372 3575 382 3656 )
404 3579 539 3638 Mantiss.
558 3589 637 3634 anat.
656 3577 721 3633 obs.
742 3574 791 3630 32.

339 3673 350 3756 l
371 3674 382 3754 )
403 3681 515 3734 Aunot.
526 3697 549 3752 g
562 3678 600 3733 ad
613 3675 720 3732 Botalli
729 3712 742 3746 ¹
752 3674 817 3730 obs.
834 3683 913 3729 anat.

356 3099 367 3134 1

353 3195 370 3234 2

354 3279 370 3336 3

354 3383 370 3443 lt

353 3476 370 3535 5

352 3577 370 3633 6

352 3697 367 3749 7

339 3277 351 3456 l

339 3773 369 3854 (8
403 3776 541 3850 Append.
559 3775 597 3831 ad
606 3767 700 3830 Bellin
714 3773 750 3830 de
762 3773 860 3829 renib.

270 3853 280 3954 Ι,
339 3873 369 3954 (9
370 3771 381 3951 l
402 3869 479 3948 EPh·
494 3875 532 3956 Ν·
545 3875 577 3930 C·
593 3872 655 3934 dec·
672 3873 704 3943 3,
717 3875 754 3928 Α.
768 3869 784 3927 5
797 3869 938 3940 et6‚obs.
956 3869 1022 3942 176.

337 3970 366 4047 (1
370 3972 402 4048 o)
422 3973 537 4029 Prolus.
552 3972 588 4030 de
599 3971 690 4030 unico
704 3981 823 4048 reperto
839 3987 919 4028 rene.
