2828 4652
130 438 201 485 rm.
222 435 351 524 unna
374 432 513 483 nouare
532 403 704 496 vurrnrs',
731 433 988 486 rursrsxnvnr.
1021 417 1088 504 143

81 553 207 638 tione,
227 545 406 646 paulatim
425 560 628 634 assuescat,
645 560 852 645 aptumque
869 549 1007 622 iterum
1023 549 1090 628 fiat
1111 573 1113 581 ⁴

83 668 126 740 ad
139 666 257 740 bilem
275 663 533 763 separandam.
554 667 824 737 Verumtamen
845 665 941 756 hec,
968 682 1012 742 ut
1030 672 1088 742 vi-

84 782 663 879 des,iatraeonjeeturamsunt„
929 791 930 794 ’

127 902 185 974 6ι.
201 905 249 976 At
263 914 351 974 sunt
367 899 439 972 alia
456 923 539 997 quae
549 922 619 996 per
636 895 824 970 infantum
841 899 1101 980 dissentiones.

85 1021 166 1094 licet
187 1015 427 1098 confirmare.
453 1017 605 1114 Legisse
636 1017 792 1104 memini
817 1018 916 1090 inter
941 1045 1087 1120 eaquae
1200 1065 1205 1075 .

86 1143 288 1236 Cowperus
310 1137 350 1208 in
381 1133 600 1232 Appendice
620 1133 668 1204 ad
686 1138 898 1207 Anatomen
928 1137 1087 1212 humani

86 1257 251 1355 corporis
277 1252 492 1340 adnotavit,
525 1250 665 1349 quibus
684 1253 762 1323 vias
788 1253 870 1325 illas
900 1279 993 1352 quas
1025 1282 1086 1330 su·

86 1399 147 1472 pra
162 1373 217 1470 (ι)
229 1369 552 1458 'commemorem
569 1367 693 1442 tubuli
713 1371 900 1459 arteriosi,
920 1389 957 1446 et
968 1376 1086 1450 uvalis

87 1491 286 1590 presertim
302 1487 518 1577 foraminis,
537 1509 646 1585 aequo
668 1488 782 1562 citius
799 1489 966 1564 occlusas
983 1494 1087 1568 inve·

87 1610 151 1698 nit,
168 1633 233 1682 eoa
251 1607 379 1682 multis
391 1630 489 1704 serpe
507 1603 651 1676 morbis
670 1605 767 1676 male
788 1605 938 1680 habitos
954 1605 1083 1701 fuisse,

88 1743 125 1800 ut
141 1727 293 1826 capitio,
319 1724 424 1814 colli,
455 1722 684 1821 pulmonum
712 1721 1084 1802 inflammationibus.

87 1849 206 1944 Itaque
224 1869 316 1920 cum
332 1841 407 1932 hae,
428 1841 534 1916 nulla
564 1841 713 1938 praevia
727 1865 838 1920 causa
869 1844 1085 1938 manifesta,

89 1988 210 2038 recens
230 1959 600 2058 natosjadorientur,
617 1984 697 2030 non
709 1960 775 2031 abs
795 1985 836 2030 re
851 1963 922 2032 erit
935 1987 1083 2063 praepo-

90 2106 209 2180 peram
221 2077 596 2186 illamooelusionem
607 2079 799 2175 suspicari.
817 2082 861 2148 In
879 2097 1007 2176 quant
1023 2084 1085 2156 ille

90 2197 592 2294 imminutionemranguinis
606 2194 755 2290 laudat3
771 2196 822 2266 sic
839 2211 881 2267 tu
898 2197 1087 2272 eommen-
1181 2195 1185 2218 “

91 2315 169 2390 dare
188 2317 322 2394 saltem
338 2314 479 2413 poteris
496 2313 553 2384 iac
579 2313 729 2411 parcius
744 2311 963 2411 praebitum,
989 2331 1026 2388 et
1041 2343 1086 2391 ea

92 2435 219 2509 nutrici
240 2432 348 2510 unde
366 2431 534 2520 tenuius,
559 2445 597 2502 et
628 2428 792 2502 fluxilius
822 2432 1005 2530 gignatur.
1027 2437 1086 2510 Sic

93 2552 184 2628 enim
200 2551 352 2650 sanguis
372 2551 440 2647 qui
457 2563 559 2621 totus
576 2573 646 2646 per
665 2547 865 2645 pulmones
881 2547 1087 2648 trajicitur,

94 2683 126 2747 et
138 2683 239 2742 tanto
255 2668 394 2764 majori
413 2669 521 2765 eopia
539 2667 580 2736 in
602 2668 957 2763 ramos'superiores
974 2670 1087 2745 irruit

95 2789 224 2866 arteriae
236 2811 400 2884 magne,
426 2799 571 2882 quanto
594 2785 670 2882 jam
699 2784 839 2854 minori
869 2784 908 2854 in
938 2785 1088 2860 descen-

96 2901 237 2978 dentem
248 2905 363 3000 hujus
380 2919 559 2976 truncum
579 2900 762 2990 deflectit,
783 2899 927 2974 facilius
952 2908 1087 2979 transi-

95 3018 159 3108 bit,
170 3037 205 3097 et
216 3021 486 3122 pulmonibus,
505 3019 739 3118 cerebroque
756 3021 883 3092 minus
899 3019 1089 3112 officiet,a

98 3138 194 3234 cujus
219 3142 363 3238 quippe
392 3155 484 3212 tuuc
510 3136 738 3226 mossissimi,
759 3137 910 3209 laesione
935 3135 1090 3214 fortasse

98 3271 222 3348 preter
234 3255 569 3344 inflammationes,
590 3255 662 3326 alia
684 3255 781 3326 mala
795 3256 1028 3352 saepiussunt
1050 3259 1091 3328 in

99 3394 228 3446 nerveo
243 3399 379 3473 genere
403 3374 542 3472 quibus
561 3397 692 3446 recens
709 3377 785 3444 nati
807 3387 962 3470 repente
980 3373 1093 3452 absu-

99 3507 265 3582 muntur,
292 3493 393 3590 iique
413 3491 619 3590 praesertim
640 3489 838 3588 inquibus
868 3505 1003 3588 praeter
1032 3511 1093 3566 eas'

101 3624 331 3700 prematuras
342 3609 601 3698 occlusiones,
622 3607 772 3706 sanguis
782 3608 859 3702 jam
872 3607 919 3678 ab
930 3623 1039 3682 utero
1048 3612 1095 3682 sit

137 3979 181 4058 (1)
199 3986 237 4042 N·
260 3983 308 4060 Sa
