2816 5282
721 300 726 344 ι

200 417 266 462 nr.
286 417 333 462 ιν.
350 417 396 462 nr.
412 411 548 461 nonius
561 411 758 473 cursuro,
776 403 844 458 etc.
857 409 969 461 misr.
983 409 1055 462 mv,
1085 383 1157 489 595

151 554 224 626 qne
239 535 437 614 immanes,
454 527 676 597 asseveravit
688 526 728 595 in
749 525 978 598 Adversariis
994 528 1075 625 (1),
1094 547 1159 601 s'ae-

152 671 362 743 penumero
389 643 581 720 sevidisse
602 642 776 714 homines
796 657 880 740 post
901 647 1071 718 assiduos
1098 648 1161 717 in-

150 763 366 834 tolerabiles
390 765 531 833 ventris
558 763 765 845 cruciatus,
795 764 892 832 intra
911 762 1008 835 duos
1038 781 1158 836 tresve

154 879 234 950 dies
253 895 443 966 mortuos,
455 903 618 976 quorum
640 877 781 947 nullam
800 895 933 975 prseter
947 883 1070 977 ipsum
1091 907 1164 954 me-

155 999 358 1069 senterium
380 997 538 1092 alicujus
557 997 740 1066 momenti
758 1011 902 1093 partem
925 998 1081 1069 vulnere
1104 999 1166 1070 loe-

157 1138 257 1198 sam,
278 1139 318 1184 re
346 1107 620 1184 accuratissime
648 1113 876 1198 examinata,
906 1117 1028 1212 potuit
1062 1119 1166 1190 inve-

159 1233 262 1320 nire;
290 1231 437 1302 tametsi
476 1229 707 1299 mesenterii'
728 1228 886 1300 vulnera
907 1231 1056 1302 lethalia
1089 1259 1168 1305 non

159 1349 497 1448 pronunciaverint
525 1359 698 1418 auctores
725 1348 789 1444 qui
822 1365 936 1445 super
965 1349 1022 1426 his
1054 1351 1100 1421 a'd
1130 1354 1180 1422 id⁵

160 1483 309 1564 tempus
332 1466 570 1563 scripserant.
591 1467 748 1562 Propius
771 1466 964 1562 aliquanto
985 1469 1032 1538 ad
1053 1474 1168 1567 Ruys'-

163 1583 238 1655 chii
256 1583 538 1656 observationes
557 1582 701 1654 accedit
721 1605 803 1680 quae
819 1583 865 1652 ab
889 1601 1060 1682 spectata
1081 1571 1170 1660 fidei

162 1702 341 1802 chirurgo
360 1701 429 1772 sub
460 1703 609 1772 initium
644 1703 734 1771 anni
772 1708 864 1797 1724
890 1707 1037 1800 pauciS,
1069 1723 1175 1804 post,

166 1843 277 1915 quam
307 1823 386 1917 ipse
421 1816 624 1903 habuerat,
646 1815 779 1887 diebus
805 1817 852 1887 ad
885 1817 989 1894 hunc
1015 1823 1172 1902 modum

166 1953 314 2008 narrata
330 1951 396 2008 est.

216 2052 273 2126 35.
310 2052 537 2147 Alienigenae
572 2049 654 2120 viro
688 2049 765 2144 jam
799 2051 864 2121 diu
895 2052 957 2125 hie
988 2061 1174 2150 moranti,

166 2170 404 2269 proindeque
436 2165 614 2238 omnihus
652 2183 774 2256 noto,
813 2169 950 2242 volnus
992 2173 1175 2246 inflictum

167 2287 288 2360 fiterat
309 2301 443 2374 acuto,
462 2287 637 2382 ancipiti,
662 2299 699 2356 et
712 2290 818 2356 tenui
842 2285 958 2378 ferro,
980 2291 1136 2389 oblique
1156 2320 1177 2365 a

169 2408 331 2480 sinistris
363 2404 553 2476 abdomen
581 2403 650 2474 sub
684 2405 774 2500 ipsis
808 2408 920 2477 costis
949 2406 1175 2506 perforante.

169 2525 368 2620 Angustia,
382 2537 420 2593 et
439 2521 643 2618 obiiquitas
660 2523 833 2593 vulneris
850 2541 956 2598 eraut
976 2528 1179 2622 ejusmodi,

169 2659 304 2715 utnon
321 2641 438 2712 modo
458 2663 502 2711 ex
515 2639 671 2710 vulnere
690 2640 785 2710 nihii
804 2641 939 2730 exiret,
956 2643 1021 2714 sed
1039 2669 1087 2716 ne
1100 2669 1180 2745 spe·

171 2760 299 2831 cillum
323 2758 476 2854 quidem
489 2758 565 2828 ulla
578 2759 658 2853 ejus
672 2758 855 2856 chirurgi,
870 2777 932 2831 aut
952 2765 1114 2834 Masierii
1131 2767 1183 2865 ip·

174 2879 250 2950 sius
268 2875 461 2972 diligentia
478 2874 624 2944 admitti
645 2877 812 2946 sinerent
824 2878 862 2944 in
878 2883 1017 2950 ventris
1028 2905 1182 2971 cavum;

176 3019 254 3092 quo
283 3009 409 3063 tamen
434 2989 576 3060 ferrum
607 2993 821 3088 pervenisse
853 2992 931 3064 haec
955 2996 1183 3081 indicabant.

178 3111 235 3182 Ab
264 3125 421 3206 accepto
454 3109 611 3178 vulnere
643 3107 689 3178 ad
717 3111 892 3204 quintum
921 3115 1186 3209 usquedum,

179 3253 258 3326 quo
276 3227 448 3326 pulsibus
473 3223 736 3298 deficientibus
756 3227 869 3316 obiit;
890 3247 1056 3328 semper,
1084 3235 1187 3304 si'in.

179 3347 377 3418 tervallum
394 3346 555 3443 excipias
579 3343 759 3414 horarum
779 3347 969 3442 quinque,
995 3347 1110 3446 idque
1131 3373 1188 3422 se-

183 3465 278 3551 mei,
307 3465 452 3534 vomitu
471 3464 601 3559 rejecit
620 3477 810 3560 assumpta
835 3477 870 3534 et
890 3463 1015 3535 bilem.
1041 3471 1190 3540 Ventris

185 3582 385 3654 doloribus
411 3580 669 3679 torquebatur.
699 3580 834 3684 Alvus,
863 3583 936 3654 nisi
967 3584 1190 3681 clysteribus

228 3952 270 4033 (ι)
292 3957 363 4022 Dec.
382 3973 417 4024 a,
432 3976 459 4013 e.
473 3965 501 4024 4.
