2816 5282
179 481 246 528 ms.
260 481 308 526 iv.
330 481 377 543 nr
389 481 525 529 nosris
536 475 732 546 caradas,
746 473 814 544 etc.
832 481 942 530 srrsr.
960 481 1033 530 mv.
1062 457 1130 557 587

178 619 234 692 27.
250 599 325 666 Has
339 594 434 666 duas
456 593 631 666 historias
640 595 679 666 si
689 591 864 666 conferas
881 597 982 667 inter
998 619 1061 684 se,
1080 595 1132 668 fa·

127 712 199 784 cile
214 711 429 798 miraberis,
440 711 547 782 illum
566 714 676 808 eujus
688 712 869 785 vertebra
881 711 993 785 fuisse
1010 709 1132 786 fractae

125 855 206 899 non
226 827 425 915 dicuntur,
451 830 550 900 intra
574 827 687 901 horas
716 845 896 927 quatuor;
916 829 1019 901 hune
1036 853 1132 906 ¹vero

125 948 234 1044 eujus
250 971 324 1018 ona
343 961 444 1028 certe
463 945 637 1019 vertebra
656 945 771 1021 fracta
786 947 943 1035 dicitur,
963 973 1042 1019 non
1061 947 1132 1021 nisi

124 1063 573 1162 decimoquartodieesse
583 1068 949 1164 mortuum.Anquia
959 1067 1132 1139 vertebra

125 1181 293 1256 haecnon
305 1181 420 1284 modo
436 1206 512 1255 una
524 1181 605 1272 fuit3
618 1169 683 1256 sod
699 1181 854 1257 fortasse
868 1171 1039 1256 omnium
1054 1183 1132 1256 infi·

124 1302 285 1391 ma3illae
300 1327 391 1374 vero
405 1317 482 1375 tres
490 1301 677 1375 erasttst
690 1303 928 1402 illae'qu'oque
936 1321 1012 1376 tres
1024 1319 1131 1376 erant

123 1417 344 1493 inferiores:
367 1432 506 1518 eorpus¹
520 1435 646 1494 autem
659 1423 782 1519 ipsum
792 1422 966 1494 medullas
978 1421 1130 1520 spinalis

6 1601 7 1640 3
126 1537 176 1612 ad
194 1539 342 1610 tertiam
365 1537 585 1611 lumborum
617 1527 828 1615 vertebram
853 1542 928 1615 'scis
959 1538 1129 1640 profecto

119 1679 201 1727 non
220 1659 444 1754 pervenire-3
468 1681 547 1728 non
564 1657 719 1728 videtur
732 1669 857 1754 autem
876 1681 897 1728 a
917 1659 1032 1757 paulo
1050 1659 1130 1757 plu·-

6 1839 8 1858 ,Ἴ
122 1773 228 1846 ribus
247 1774 440 1846 concussis
457 1775 623 1871 equinae,
641 1791 684 1846 ut
703 1777 892 1861 vocitant,
908 1775 1035 1848 caudas
1044 1801 1131 1847 ner·

6 1873 8 1980 ζ
122 1887 201 1976 vie,
219 1913 384 1988 quorum
403 1903 503 1961 certe
516 1889 644 1962 nullus
664 1891 924 1989 superioribus
947 1893 1132 1990 prospicit
1221 1911 1222 1914 ’

120 2007 309 2104 partibus,
330 2022 476 2079 tantum
499 2007 702 2080 discrimen
716 2009 975 2106 repetendum.
1008 2007 1130 2082 I‘dem·

124 2149 199 2222 que
216 2124 337 2198 dicam
349 2180 359 2215 ,
373 2125 411 2197 si
425 2122 628 2199 discrimen
642 2123 739 2197 forte
755 2125 844 2198 inde
862 2142 1010 2224 repetas
1026 2107 1131 2224 qood

124 2245 223 2314 intra
241 2241 433 2316 vertebras
450 2237 533 2314 illas
563 2254 639 2314 tres
664 2242 805 2340 aliquid
822 2259 901 2315 erat
920 2240 1029 2315 effusi
1046 2267 1130 2314 san-

123 2351 266 2458 guinis,
289 2361 398 2456 eujus
419 2359 524 2431 nulla
541 2361 640 2430 intra
658 2359 761 2432 hano
782 2377 899 2439 unam
914 2357 957 2429 fit
976 2361 1129 2432 mentio.

118 2475 307 2573 Equidem
327 2501 461 2548 eorum
479 2477 684 2574 qnaelaesas
699 2475 915 2566 vertebraS,
932 2477 1131 2575 spinalam-

118 2619 196 2692 que
218 2595 337 2694 ipsam
358 2594 561 2666 medullam
582 2609 891 2694 consequuntur,
911 2593 1130 2666 discrimina

117 2729 213 2810 saepe
228 2713 346 2786 'video
365 2697 443 2784 non
473 2710 599 2786 faciles
618 2711 991 2810 habereexplioatus.
1020 2715 1130 2784 Mitto

117 2853 211 2927 quas
228 2833 267 2902 in
282 2830 531 2929 Sepulchreto
550 2827 684 2918 babes,
696 2830 866 2903 Rumleri
889 2829 968 2927 (1),
985 2845 1022 2902 et
1036 2833 1131 2900 Fon-

120 2950 200 3018 tani
213 2950 318 3046 (min
340 2963 429 3020 casu
443 2947 491 3018 ab
509 2948 585 3020 alto
613 2947 908 3020 observationes
936 2951 1030 3019 Nam
1060 2949 1130 3019 etsi

117 3063 184 3140 illa
200 3067 350 3153 similia,
383 3066 460 3134 imo
477 3055 647 3162 gratiora
667 3057 810 3161 profert
832 3085 946 3164 quam
962 3063 1129 3134 secunda

115 3181 312 3272 Valsalvas,
328 3195 597 3280 symptomata,
617 3183 854 3276 mortemque
869 3179 929 3252 die
947 3181 1127 3279 septim03

117 3321 199 3370 non
229 3305 375 3372 constat
393 3315 543 3387 tamen,
570 3323 670 3396 quae,
693 3311 730 3368 et
756 3311 851 3394 quot
872 3296 1074 3386 vertebras,
1091 3313 1129 3370 et

119 3431 310 3512 qnatenus
337 3418 428 3489 laesae
459 3415 620 3488 fuerint:
651 3416 808 3485 Fontani
841 3429 966 3485 autem
995 3413 1125 3486 obser·
1225 3480 1235 3498 „

113 3537 217 3604 vatio
237 3560 323 3608 cum
340 3533 532 3608 vertebras
557 3536 726 3633 quinque
752 3532 855 3614 dorsi
879 3533 1021 3606 luxatas
1044 3557 1126 3631 pro-

114 3666 250 3748 ponat,
284 3675 355 3723 nec
382 3652 505 3724 solum
541 3665 791 3750 symptomata
823 3648 1009 3746 ejusmodi
1045 3673 1124 3720 non

155 3931 199 4010 (1)
220 3928 298 3999 Secl.
313 3933 369 3992 hac
384 3935 421 4007 3,
439 3935 505 3992 obs.
519 3949 571 4009 29,
588 3937 603 4002 §
618 3951 646 4004 7.

154 4031 199 4109 (a)
219 4033 297 4092 lbtd.
312 4035 376 4092 obs.
390 4034 445 4106 28,
460 4037 477 4104 ς
494 4053 521 4092 r.
764 4043 765 4047 ’
