2828 4652
122 469 191 514 ms.
202 465 253 514 tv.
267 463 643 514 nnuonntscrnauns.
654 495 664 530 ,
675 457 745 515 etc.
756 467 867 516 musa.
883 466 979 516 sarx.
1013 468 1075 543 171

76 583 198 656 tunica
220 582 355 657 intima
376 582 541 678 squamis
564 580 728 681 rigebat,
761 583 918 655 omnino
940 587 1080 656 osseis:

76 725 235 800 quarum
252 699 470 774 ostenderat
495 700 676 772 duntaxat
698 701 987 791 inchoamenta,
1014 725 1082 774 seu

78 821 241 893 maculas
259 818 381 909 albas,
399 820 440 890 in
451 843 500 890 ,ea
519 819 647 890 trunci¹
667 821 773 917 parte
791 841 875 918 quae
893 822 932 890 in
950 834 1083 894 ventre

80 953 147 1028 est,
169 956 205 1014 et
218 941 259 1012 in
277 939 395 1012 iliacis
407 939 489 1035 ejus
505 939 630 1010 ramis.
652 943 729 1010 Nec
750 940 938 1038 singulare
956 939 1082 1038 quod·

79 1057 160 1131 dam
170 1056 385 1129 carotidum
401 1057 533 1128 vitium
548 1069 604 1128 est
621 1055 877 1128 reticendum:
897 1081 1081 1156 quae-cum

80 1173 122 1248 ad
139 1199 211 1248 susa
225 1175 477 1274 longitudinis
491 1174 660 1247 medium
676 1173 948 1264 ascendissent,
972 1175 1025 1248 ibi
1040 1189 1079 1248 se

80 1292 347 1394 intorquebant
364 1293 526 1376 cochleae
543 1295 683 1382 instar,
696 1294 897 1392 statimque
915 1293 962 1366 ad
975 1295 1081 1366 recti-
1204 1305 1206 1309 ’

80 1409 242 1484 tudinem
266 1412 430 1510 primam
459 1410 650 1484 redibant:
685 1427 839 1510 eratque
870 1413 934 1484 iile
961 1411 1080 1485 flexus

31 1511 35 1522 “
81 1526 166 1601 adeo
184 1531 380 1627 pertinax,
400 1543 444 1601 ut
456 1530 488 1602 si
508 1528 548 1602 iu
567 1545 714 1603 rectum
735 1531 889 1604 arterias
903 1531 1080 1603 extende

80 1667 153 1737 ress
164 1671 252 1720 mox
269 1663 397 1722 amota
415 1671 549 1739 manu,
565 1649 606 1720 in
622 1649 793 1722 eamdem
814 1673 853 1724 se
871 1649 1082 1722 contorsio-

82 1784 160 1838 nem
181 1769 437 1840 restituerent

130 1909 178 1982 ¹9·
206 1889 299 1978 Quae
316 1911 405 1958 eum
427 1885 619 1974 vidissem,
647 1904 735 1958 sane
763 1881 978 1986 displicuit,¹
999 1901 1081 1962 non
1109 1892 1114 1903 '

84 2001 180 2098 plura
197 2002 244 2076 de
262 2003 339 2076 boe
363 2029 474 2093 sene,
499 2027 586 2076 cum
605 2005 765 2092 viverat,
787 2007 929 2102 quippe
949 2007 1080 2102 ignoto

85 2124 374 2220 pauperersoire
397 2145 469 2194 uos
482 2143 611 2220 posse,
631 2123 704 2194 nisi
721 2122 826 2221 quod
847 2122 969 2220 palam
985 2131 1080 2212 erat,

85 2242 190 2312 macie
210 2257 380 2312 extrema
398 2239 610 2314 confectum
630 2242 824 2313 interiisse.
847 2241 963 2336 Cujus
975 2237 1084 2312 effet-

86 2369 153 2444 tus,
168 2383 214 2430 an
231 2383 364 2448 causa,
378 2371 428 2432 a'n
442 2360 570 2458 potius
588 2374 795 2458 utrumque
819 2359 928 2458 plura
948 2381 1081 2431 eorum
1192 2435 1199 2446 ,

85 2468 315 2578 ἷιιοτὶηῖῳιω
330 2480 370 2550 in
387 2476 886 2577 mortuodeprehendimus,
898 2478 977 2577 ipse
990 2477 1082 2550 exis-

85 2591 228 2668 timabis.
259 2601 373 2669 Certe
398 2597 633 2696 Sepulchreti
661 2592 760 2668 hano
795 2597 1002 2669 sectionem
1020 2593 1079 2694 (ι)

85 2733 240 2804 versans,
269 2703 398 2787 auctas
412 2717 452 2785 in
473 2715 619 2788 hectico
632 2714 690 2812 (a)
707 2716 796 2786 alias
816 2711 1011 2812 glandulas
1032 2713 1080 2784 de

86 2823 388 2927 lymphaticarum
402 2855 541 2930 genere
553 2835 737 2922 invenies,
752 2835 790 2903 in
802 2833 882 2904 aliis
890 2847 1014 2904 autem
1027 2832 1082 2930 (3)

66 3027 69 3034 ,
87 2967 155 3016 non
174 2951 253 3022 sine
269 2951 362 3022 vitio
376 2973 463 3041 eor,
481 2953 578 3022 utin
595 2957 715 3050 puero
732 2941 842 3022 etiam
856 2951 922 3020 illu
942 2949 1081 3049 dequo

88 3083 187 3160 supra
210 3069 266 3166 (d)
288 3095 333 3142 eu
350 3069 520 3144 Valsalva
534 3069 678 3141 dictum
695 3085 770 3157 est,
798 3067 942 3140 nedum
967 3069 1007 3138 in
1026 3068 1081 3138 al-

88 3191 158 3252 tero
177 3183 230 3281 (5)
248 3213 295 3260 ex
309 3187 472 3260 indicata
492 3189 679 3276 sectione,
699 3187 766 3285 qui
789 3185 836 3258 ad
856 3209 1083 3256 marasmum

88 3293 275 3395 deductus,
296 3327 364 3380 nor
380 3301 530 3396 habuit,
550 3321 593 3378 ut
603 3321 731 3376 noster
745 3325 876 3404 senex,
896 3307 1083 3402 omnipc‘n·
