2828 4652
958 305 970 346 Ι

259 421 332 508 164
424 433 472 482 nr
497 419 644 478 sturnus
667 419 712 468 nr
736 407 862 468 mous
886 394 1099 462 nortorum

255 566 432 634 necantes
452 537 684 642 significare:
702 529 769 606 sed
786 523 894 630 quod
911 523 1045 600 vitium
1057 538 1277 620 utrumque

257 680 299 752 in
330 665 505 773 pluribus
533 655 646 730 fuisse
679 651 811 733 sciam,
828 669 923 746 quas
950 667 1033 716 non
1056 637 1277 714 istiusmodi

259 792 401 877 febres,
421 781 487 858 sed
498 799 605 850 noxae
617 772 696 844 aliae
708 766 806 840 male
819 763 1042 848 habuerint,
1057 781 1153 858 quas
1170 755 1278 828 frus-
1395 836 1396 865 χ

256 930 318 989 tra
331 910 374 980 in
388 893 627 977 hachistoria
638 883 1030 990 perquiro,vitiorum
1041 877 1196 950 illorum
1214 899 1278 947 se-

261 1030 349 1104 dem
367 1020 590 1096 indicantes

314 1169 371 1222 ro.
387 1135 524 1214 Mulier
539 1151 660 1202 annos
676 1137 766 1211 nata
777 1117 910 1222 viginti
927 1116 1117 1215 quinque,
1136 1109 1280 1184 eodem

262 1287 343 1368 quo
356 1259 463 1360 prior
474 1251 540 1324 illa
554 1247 610 1346 (1)
627 1251 946 1340 temperamento,
968 1235 1009 1304 in
1028 1230 1131 1303 idem
1157 1251 1281 1300 noso·
1396 1302 1397 1305 Ἴ

264 1379 432 1460 comium
450 1379 624 1452 venerat,
648 1383 737 1434 cum
756 1353 978 1430 difficultate
1001 1346 1172 1448 spirandi
1193 1361 1281 1418 ten-

263 1502 338 1576 tari
355 1491 538 1592 coepisset.
553 1476 759 1577 Conjuncti
770 1487 977 1548 erantcum
996 1491 1039 1540 ea
1051 1463 1280 1538 difficultate
1396 1526 1397 1543 ,

265 1615 380 1694 dolor
407 1611 448 1682 in
471 1600 637 1678 thoracis
662 1609 770 1696 parte
790 1591 962 1675 sinistra,
993 1584 1150 1684 quidam
1178 1582 1282 1652 intra

266 1736 372 1810 huuc
384 1731 484 1800 inter
499 1712 765 1818 respirandum
777 1706 942 1780 materiae
959 1703 1127 1788 sonitus,
1146 1712 1185 1770 et
1201 1695 1283 1796 pul-
1395 1735 1396 1774 1

269 1873 331 1932 sus
349 1845 475 1922 mollis
490 1834 666 1939 quidem,
692 1827 759 1902 sed
773 1823 1021 1924 frequentior.
1053 1817 1198 1910 Quinto
1217 1813 1283 1885 die
1395 1801 1396 1840 ³

267 1971 395 2070 regius
426 1956 584 2034 morbus
618 1947 798 2022 accessit:
833 1941 920 2040 qui,
955 1963 1044 2012 cum
1062 1959 1202 2035 ¹usque
1232 1929 1283 2004 ad
1395 2029 1396 2032 Ἴ

257 2103 444 2162 octavum
476 2070 723 2176 perstitisset,
753 2062 914 2136 evanuit.
949 2061 1055 2128 Tunc
1087 2053 1139 2126 ob
1166 2049 1284 2124 febris

268 2199 535 2308 pertinaciam,
572 2183 764 2284 sanguinis
785 2179 932 2264 missio,
943 2177 1021 2274 jam
1046 2171 1179 2270 primis
1201 2167 1284 2242 die·

268 2323 342 2400 bus
377 2315 574 2395 instituta,
608 2325 741 2376 rursus
758 2295 918 2396 repetita
949 2308 1016 2366 cst
1041 2287 1209 2362 Tandem
1237 2311 1285 2358 ex

270 2433 479 2539 imProriso
517 2446 621 2498 mors
661 2417 895 2517 occupavit;
930 2433 1056 2510 neque
1092 2407 1196 2478 enim
1230 2403 1285 2478 fe-

273 2557 356 2634 bris
372 2565 452 2628 erat
467 2540 673 2644 ejusmodi,
699 2551 744 2610 ut
763 2550 856 2607 tunc
868 2535 1034 2604 mortem
1062 2527 1284 2598 minaretur.

274 2679 419 2752 Ventre
437 2677 591 2765 aperto,
625 2681 715 2732 sana
743 2652 871 2724 omnia
897 2650 1053 2720 inventa
1080 2659 1187 2732 sunt,
1214 2643 1288 2714 nisi

274 2789 383 2894 quod
412 2781 549 2860 selibra
571 2801 675 2876 aquae
705 2775 745 2844 in
771 2784 850 2842 tota
873 2767 938 2838 illa
961 2788 1072 2838 cavea
1100 2762 1286 2834 occurrit:

276 2934 361 3014 quae
378 2923 506 2980 tamen
519 2923 579 2970 res
600 2897 641 2966 in
662 2891 743 2963 aliis
763 2889 875 2960 etiam
892 2880 1138 2957 cadaveribus
1155 2880 1289 2978 saepius

195 3079 200 3086 ·
278 3025 402 3105 fuerat
423 3014 692 3094 animadversa.
720 3011 767 3078 Iu
794 3004 949 3076 thorace
979 3000 1110 3071 dexter
1138 2997 1289 3094 pulmo,

276 3148 345 3249 qui
368 3139 563 3240 superiore
586 3141 692 3230 parte
712 3125 826 3198 costis
847 3117 1083 3205 adhaerebat,
1108 3113 1289 3186 inferiore

277 3275 358 3338 erat
375 3253 647 3334 inflammatus,
682 3269 729 3316 ex
755 3240 862 3336 cujus
891 3236 1050 3308 dissecta
1082 3231 1291 3304 substantia

276 3375 475 3482 paululum
490 3365 631 3442 effluxit
648 3360 732 3434 seri.
755 3362 800 3430 At
817 3356 966 3429 sinister
983 3351 1115 3450 pulmo
1126 3365 1165 3420 et
1181 3375 1203 3420 a
1214 3372 1293 3422 cos·

278 3501 329 3574 tis
351 3491 521 3588 undique
553 3482 715 3564 solutus,
744 3491 781 3548 et
804 3497 916 3548 sanus
940 3483 1113 3569 repertus
1145 3481 1211 3539 est.
1239 3471 1291 3538 Ex

278 3611 407 3695 cordis
438 3600 650 3714 ventriculo
680 3595 836 3668 dextero
865 3589 1050 3692 polyposa
1077 3585 1291 3672 concretio,

278 3798 1291 3854 ,,,,,........--------

321 3973 369 4056 (ι)
385 3970 426 4032 u.
448 3966 477 4026 s.
