2816 5282
304 376 375 450 556
472 402 520 446 nr
545 399 761 448 sennaser
786 399 910 446 cansrs
937 400 1170 448 nortmanu-

302 513 460 611 epistola
475 510 741 611 superiore(1).
750 517 795 582 In
804 537 880 610 qua
889 513 1109 586 etsivulnus
1118 513 1318 612 diaphrag-

301 631 412 702 matis
430 621 517 701 cum
534 629 756 702 vulneribus
781 645 847 702 aut
860 629 986 702 cordis
1000 630 1081 727 (2),
1098 645 1168 702 aut
1178 632 1318 728 jecino

302 749 370 833 ri5‚
385 763 422 820 et
437 750 538 820 renis
555 745 609 844 (3)
622 748 871 844 conjunctum
888 747 1072 836 vidimus,
1083 749 1260 820 necdum
1276 765 1319 820 ta·

301 889 392 938 men
407 866 591 954 vidimus,
612 881 654 938 ut
681 865 763 954 hic,
785 866 961 961 junctum
994 891 1083 938 cum
1111 867 1318 939 ventriculi

302 983 471 1056 vulnere.
491 985 592 1075 Quin
607 997 687 1056 erat
708 983 907 1055 vulnerum
928 984 1081 1056 illorum
1101 985 1266 1056 initium
1284 986 1319 1054 in

302 1099 469 1174 thoracis
494 1100 720 1199 parietibus;
740 1100 853 1196 hujus
871 1115 995 1172 autem
1014 1116 1071 1174 est
1091 1103 1132 1171 in
1153 1102 1317 1174 ventris:

302 1215 466 1316 fecitque
486 1219 517 1290 is
543 1219 693 1316 dequo
718 1219 758 1288 in
788 1233 953 1290 extrema
979 1219 1043 1290 illa
1072 1219 1241 1316 epistola
1268 1222 1318 1316 (Δ)

302 1338 448 1408 mentio
462 1338 599 1432 injecta
619 1351 695 1422 est,
714 1335 1008 1434 diaphragmatis
1020 1338 1190 1434 positus,
1207 1353 1253 1408 ut
1277 1337 1318 1408 ab

304 1453 381 1524 hoc
408 1455 517 1524 initio
535 1468 754 1552 prosectum
776 1454 937 1541 vulnus,
965 1453 1133 1526 thoracis
1166 1480 1319 1552 quoque

301 1571 452 1655 visceri,
471 1569 794 1667 quemadmodum
821 1569 972 1658 abillo,
999 1573 1146 1643 ventris
1164 1597 1318 1670 quoque

303 1688 510 1762 visceribus
535 1714 672 1761 noxam
700 1688 880 1761 intulerit.
911 1689 1102 1778 Quoniam
1128 1689 1319 1762 autemid

301 1805 492 1904 peculiare
502 1805 617 1878 habet
626 1806 825 1904 proposita
836 1805 1066 1894 observatio,
1078 1821 1124 1877 ut
1134 1809 1319 1878 sauciatus

302 1925 534 1997 ventriculus
553 1926 653 1996 intra
680 1924 877 2027 thoracem
902 1923 1117 1996 ascenderit
1140 1949 1213 2021 per
1246 1924 1318 1996 dia·

302 2043 534 2142 phragmatis
551 2043 712 2128 vulnus3
731 2066 881 2138 aequum
892 2055 965 2129 est,
978 2055 1022 2111 ut
1038 2065 1158 2137 super
1173 2039 1250 2112 hac
1265 2067 1319 2123 re,

303 2187 383 2232 non
403 2162 590 2234 rarissima
608 2158 784 2258 quidem,
805 2173 847 2229 ut
864 2159 982 2246 nosti,
1003 2156 1069 2229 sed
1088 2172 1224 2230 tamen
1244 2183 1316 2229 non

204 2307 209 2313 ·
303 2278 548 2367 creberrima,
560 2277 675 2350 verba
691 2277 887 2348 faciamus(
901 2275 1159 2373 Diaphragma
1173 2303 1223 2348 ex
1241 2303 1317 2348 ner·

302 2421 389 2476 vea,
403 2396 442 2466 id
459 2413 515 2468 est
529 2396 705 2468 tendinea
719 2449 729 2480 ,
744 2409 781 2466 et
796 2419 842 2466 ex
860 2418 995 2464 carnea
1013 2419 1097 2490 quae
1114 2393 1225 2464 illam
1244 2397 1317 2464 cin·

304 2516 372 2612 git,
398 2531 503 2612 parte
519 2530 718 2598 constans,
738 2527 775 2584 et
795 2510 980 2585 foramine
994 2536 1074 2583 non
1093 2537 1177 2612 uno
1190 2512 1241 2586 ab
1258 2539 1320 2584 na-

302 2647 388 2702 tura
405 2646 617 2730 pertusum,
639 2635 691 2704 sic
709 2630 921 2719 thoraci‚et
937 2630 1318 2726 ventriinterjectum

304 2764 378 2835 est,
396 2765 438 2820 ut
453 2747 608 2821 fornicis
624 2752 741 2824 instar
756 2751 795 2820 in
818 2749 919 2820 illius
937 2772 1072 2820 cavum
1093 2773 1133 2819 se
1151 2749 1319 2836 attollat,

301 2891 490 2965 nusquam
522 2869 640 2967 magis
655 2891 770 2965 quam
801 2865 849 2938 ad
876 2867 1109 2967 posteriora,
1145 2867 1319 2954 declivis,

302 3001 483 3083 tantoque
501 2986 540 3056 id
566 2987 684 3084 magis
712 2989 751 3055 in
774 2983 955 3055 homine:
975 2983 1238 3080 quamobrem
1257 2990 1318 3056 Pe·

303 3102 454 3176 chlinns
472 3099 530 3199 (5)
552 3103 769 3190 admonuit,
791 3102 830 3172 in
848 3100 1005 3172 vulnere
1023 3100 1133 3197 quod
1152 3101 1318 3174 thoracis

303 3221 509 3318 parietibus
522 3219 708 3292 inflictum
722 3222 768 3292 sit
780 3219 928 3320 longius
944 3221 1201 3321 agusteriore
1218 3236 1319 3320 parte
