2828 4652
270 391 339 464 136
433 414 479 462 nu
506 409 651 462 seorsus
676 413 721 460 ar
746 410 870 461 causis
894 411 1105 464 norinorum

265 527 407 628 quibus
434 525 481 597 ad
508 539 545 598 te
566 524 655 598 alias
683 523 739 622 (ι)
765 525 917 624 scripsi,
941 523 1123 602 tenebant
1147 519 1282 628 magni

266 645 492 746 pulmonum
504 641 584 716 lobi
598 668 608 732 ;
621 666 709 714 nam
722 657 759 714 et
771 643 810 713 in
824 641 915 714 bina
927 641 1283 746 bronchiasingulae

266 758 531 833 dividebantur
543 761 685 832 arteriae
702 784 860 857 asperae,
882 784 981 842 asuo
996 787 1156 861 quaeque
1175 763 1280 836 colio

266 875 549 968 descendentes.
567 875 702 975 Tbyrni
726 901 882 976 quoque
908 892 1015 952 erant
1032 877 1135 969 duo,
1161 882 1232 960 etsi
1254 903 1282 961 a

265 998 391 1098 primo
409 998 450 1068 in
472 1020 592 1068 unum
608 995 734 1094 juncti
754 993 1000 1084 videbantur„
1019 997 1281 1070 Pericardium

266 1141 386 1190 uuum
406 1113 485 1188 duo
501 1112 743 1202 continebat,
761 1114 913 1212 penitus
935 1115 1119 1210 sejuncta,
1148 1117 1278 1192 corda.

266 1239 351 1305 Haec
369 1246 476 1306 erant
489 1233 637 1306 interse
656 1231 832 1328 aequalia,
853 1230 1060 1330 eademque
1079 1233 1200 1324 intus,
1221 1240 1287 1310 err-¹

266 1329 401 1450 traque
421 1363 618 1422 structura.
638 1348 710 1422 Sed
725 1350 764 1420 in
782 1347 841 1421 his
855 1364 980 1422 tamen
994 1349 1279 1450 discrepabant,

208 1539 210 1542 .
267 1468 435 1568 primum
455 1468 560 1564 quod
582 1491 667 1540 cum
681 1466 841 1539 alterum
855 1467 1008 1541 alterius
1022 1467 1130 1540 lateri
1149 1473 1281 1570 proxi·

268 1611 376 1658 mum
395 1600 512 1674 esset,
527 1583 666 1656 sinistri
679 1581 792 1656 facies
811 1609 895 1683 quae
912 1584 1111 1658 dexterum
1128 1591 1281 1670 contin-

269 1702 405 1804 gebat,
425 1718 524 1793 erat,
551 1727 622 1776 nec
640 1702 792 1791 leviter,
814 1704 868 1776 sic
895 1719 1086 1794 excavata,
1104 1721 1146 1780 ut
1166 1722 1283 1780 natu·

269 1821 389 1894 ralem
408 1820 552 1893 dexteri
567 1820 858 1910 convexitatem,
874 1817 936 1894 cui
953 1845 1109 1920 prorsus
1124 1849 1297 1924 respon.

271 1938 406 2024 debat,
431 1938 648 2036 exciperet3
687 1937 825 2010 deinde
856 1938 960 2038 quod
996 1965 1076 2012 non
1107 1942 1281 2015 eamdem

270 2073 477 2155 utrumque
495 2053 627 2129 faciem
646 2070 774 2129 sterno
796 2055 1035 2146 obvertebat,
1058 2057 1124 2132 sed
1151 2059 1281 2136 dexte-

270 2201 356 2252 rum
378 2174 533 2274 quidem
558 2198 640 2246 eam
661 2179 775 2272 quam
799 2172 986 2262 debebat,
1003 2176 1194 2250 sinistrum
1213 2205 1282 2252 au-

270 2309 348 2366 tem
369 2315 485 2392 quam
507 2308 634 2364 sterno
654 2292 853 2389 obvertere
868 2291 1079 2381 debuisset,
1096 2320 1178 2368 eam
1196 2295 1282 2370 dex·

270 2428 354 2486 tero
374 2409 597 2484 obvertebat
616 2410 743 2498 cordi,
756 2435 876 2508 eaque
887 2409 999 2500 facies
1012 2412 1075 2499 illa
1092 2429 1282 2514 eratque,

272 2545 321 2600 ut.
333 2527 432 2613 dixi,
445 2543 617 2600 excavata
632 2525 762 2600 fuerat.
781 2531 904 2620 Quam
919 2531 1212 2604 ,execrationem
1233 2557 1282 2616 ne

274 2645 474 2744 suspiceris
499 2659 585 2742 post
608 2659 770 2717 mortem
794 2670 815 2716 a
842 2644 997 2718 dextero
1023 2648 1158 2738 corde,
1177 2649 1282 2748 quod

273 2760 371 2836 forte
404 2745 555 2834 sinistro
588 2761 729 2864 diutips
763 2761 1021 2865 incubuisset,
1051 2764 1182 2838 induci
1211 2791 1281 2866 po·

276 2881 411 2969 tuisse3
429 2904 513 2974 nec¹
530 2881 652 2953 levem
668 2881 794 2970 illam,
822 2896 865 2953 ut
890 2879 1034 2955 dictum
1063 2899 1140 2974 est,
1169 2882 1282 2964 fuisse

274 2997 513 3083 memineris,
530 3013 567 3069 et
581 3021 663 3069 eam
677 2998 864 3096 parietum
879 2999 1077 3100 utriusque
1099 3001 1227 3076 cordis
1243 3005 1282 3076 in

275 3115 391 3189 vitula
412 3114 506 3204 hac,
521 3111 686 3214 perfecte
700 3116 739 3186 in
754 3129 863 3186 utero
878 3115 955 3212 jam
966 3131 1092 3209 aucta,
1106 3133 1144 3192 et
1159 3119 1282 3218 probe

277 3235 437 3322 nutrita,
457 3230 753 3321 firmitudinem,
784 3229 1144 3334 crassitudinemque
1169 3234 1283 3312 fuisse

278 3345 393 3436 scias,
407 3365 449 3422 ut
467 3350 556 3422 inde
573 3351 682 3422 istam
703 3373 783 3450 non
804 3350 914 3424 liceat
930 3355 1210 3426 excavationem
1229 3379 1284 3432 re·

275 3483 415 3568 petere.
437 3467 549 3558 Quod
563 3469 593 3539 si
605 3482 648 3543 ut
661 3467 792 3557 corda,
806 3469 859 3540 sic
871 3467 1025 3568 reliquae
1035 3471 1146 3542 etiam
1157 3487 1285 3570 partes

278 3585 365 3658 satis
383 3581 500 3656 firmae
525 3599 608 3656 tum
632 3582 807 3678 fuissent,
836 3608 907 3658 nec
930 3588 1051 3684 gravis
1081 3587 1178 3660 odor
1203 3613 1284 3664 non

272 3797 1273 3828 Ἣ

313 3951 358 4036 (1)
379 3955 473 4034 Epist.
491 3973 537 4034 19,
555 3975 586 4014 n.
605 3956 653 4026 48.
