2784 5088
289 438 357 484 mu
375 436 423 482 1v.
447 435 493 480 nn
507 431 850 506 nonarscmnuac„
865 424 934 482 etc.
948 435 1060 484 nrrsr.
1080 438 1142 484 nn.
1171 415 1217 504 45
1237 447 1238 488 ;

237 524 499 622 reciirrentem
528 545 572 618 cl.
601 549 723 618 Emett
738 546 795 644 (a)
813 547 1062 639 dissecuerat,
1088 577 1239 636 vocem¹

236 692 355 766 quam
376 665 476 736 illico
495 662 734 762 perdiderat,
762 665 944 762 postridie
963 671 1120 766 eoeperit
1137 697 1239 756 recu¹

158 803 177 838 ··
236 807 395 884 perere,
414 805 572 878 eamque
592 781 630 850 in
648 780 727 852 dies
745 785 1002 858 crescentem?
1023 789 1166 860 Nervus
1185 815 1239 861 re·

238 925 396 974 currens
417 901 570 988 tertius,
599 900 764 996 inquies,
797 915 839 970 ut
860 902 927 999 qui
944 927 1046 1000 pone
1074 931 1239 1004 asperam

237 1021 414 1093 arteriam
433 1019 571 1102 latens,
590 1019 782 1092 cousecari
805 1043 884 1088 non
911 1036 1096 1118 potuerat.
1128 1029 1174 1097 At
1192 1027 1239 1096 in=

237 1140 373 1212 solitus
383 1139 413 1209 is
423 1159 562 1209 nervus
573 1151 673 1208 certe
685 1137 796 1208 etiam
807 1137 929 1234 pridie
939 1135 1239 1224 fueranfuerani¹

236 1281 314 1358 que
333 1255 553 1342 ramusculi,
569 1255 725 1353 opinor,
740 1253 824 1334 alii,
839 1279 860 1325 a
877 1257 976 1354 vagis
993 1261 1118 1332 nervis
1134 1285 1223 1359 supr
1237 1290 1239 1334 ι

236 1375 377 1452 horum
402 1375 607 1480 sectionem
629 1371 836 1446 aValsalva
866 1373 920 1470 (a)
939 1392 1151 1472 peractam,
1183 1397 1239 1452 aut

236 1492 390 1568 aliunde
405 1493 544 1580 exorti,
562 1491 629 1588 qui
647 1489 841 1590 laryngem
858 1507 1028 1590 peterent
1041 1495 1079 1566 in
1095 1498 1239 1600 catella,

237 1635 338 1706 quae,
359 1633 445 1680 cum
460 1607 595 1680 frustra
606 1622 715 1678 antea
736 1622 939 1682 conaretur
952 1664 961 1695 ,
973 1635 1078 1684 nono
1091 1611 1239 1687 demum

237 1729 373 1802 latrare
393 1727 516 1824 potuit
528 1724 598 1796 die.
609 1724 757 1794 Scilicet
774 1728 931 1811 sensim,
949 1743 1013 1798 aut
1033 1755 1103 1828 ego
1121 1729 1239 1822 fallor,

239 1847 393 1944 spiritus
423 1846 583 1941 quli'per
617 1843 776 1937 majores
802 1843 886 1922 illos
910 1842 1089 1928 dissectos
1109 1874 1239 1922 nervo}

238 1967 290 2040 ire
306 1964 470 2060 amplius
492 1986 569 2034 non
589 1975 784 2057 poterant,
803 1975 969 2054 meatus',
990 1979 1100 2036 antea
1120 1971 1239 2040 minui

239 2098 428 2180 patentes,
450 2105 518 2178 per
536 2079 701 2150 minores
718 2101 872 2165 nervos,
898 2077 1007 2165 altius
1025 2105 1110 2151 eum
1128 2085 1239 2180 majo·

239 2200 347 2280 ribus
359 2202 433 2272 sive
445 2214 566 2284 extra,
585 2197 662 2268 sire
677 2196 788 2277 etiam
810 2196 907 2294 intra
926 2195 1125 2268 cerebrum
1146 2226 1239 2272 eom

240 2317 497 2410 manicantes,
527 2314 739 2411 eodemque
767 2314 1059 2408 contendentes,
1086 2319 1137 2387 sic
1162 2320 1239 2394 satit

240 2433 309 2510 sibi
332 2433 588 2514 dilataverant.
609 2433 668 2504 Sic
689 2428 795 2528 satis,
819 2433 1000 2528 inquam3
1024 2434 1063 2503 in
1082 2433 1239 2520 homini·

239 2551 308 2628 bus
322 2551 482 2625 enimad
496 2575 593 2648 qnos
613 2550 690 2624 haec
711 2546 930 2646 transferes,
952 2551 1129 2634 cerebelli
1148 2555 1239 2626 vitiil

240 2671 417 2768 paulatim
446 2665 744 2746 increscentibus
760 2665 932 2754 affectos,
952 2685 1153 2768 postquam
1165 2687 1239 2744 tam

241 2787 326 2860 dem
343 2789 466 2889 ipsum
484 2802 605 2857 totum
634 2789 922 2882 occupaverint,
944 2792 1021 2883 veri
1050 2789 1169 2862 simile
1187 2791 1239 2866 vin

241 2919 315 2994 est,
339 2904 543 2993 cordis,et
568 2903 794 3000 pulmonum
821 2921 966 2988 motum
996 2930 1147 3002 semper
1179 2909 1228 2981 ita

243 3037 283 3095 ut
301 3037 426 3109 antea,
457 3021 634 3118 viguisse3
665 3023 758 3117 quin
782 3015 918 3096 diserte
952 3022 991 3092 in
1020 3023 1239 3118 quibusdan

243 3165 394 3230 eorum,
414 3156 453 3215 ut
482 3140 521 3220 in
542 3139 666 3222 Littrii
692 3163 812 3234 puero
847 3137 1024 3222 traditum
1049 3155 1123 3222 est,
1148 3139 1239 3228 debi

243 3256 317 3342 lem
335 3258 642 3354 respirationem,
662 3256 813 3356 pulsum
834 3269 957 3326 autem
978 3280 1162 3352 perquam
1178 3260 1239 3344 eni.

244 3400 361 3472 guum
390 3375 523 3468 fuisse,
541 3389 579 3446 et
607 3376 646 3444 in
674 3373 937 3464 observatione
966 3397 1079 3470 quam
1107 3375 1156 3448 ad
1189 3399 1239 3464 ml

187 3518 190 3526 ·
246 3495 421 3591 scriptam
440 3493 541 3582 diri,
566 3493 725 3590 languor
754 3490 953 3580 adnotatus
970 3507 1047 3580 est,
1068 3496 1107 3564 in
1130 3519 1239 3591 eaqul

246 3611 385 3704 parter
398 3635 517 3708 quam
533 3609 580 3683 ad
597 3625 634 3683 te
647 3611 748 3698 misi,
760 3626 800 3683 ut
817 3611 915 3694 vires
929 3665 938 3697 ,
950 3610 1157 3707 pulsusque
1171 3637 1239 3702 orm

288 3892 295 3910 ,Ι

286 3911 328 3969 μ)
348 3896 482 3950 Teutam.
498 3893 534 3950 de
547 3913 610 3950 cur.
623 3894 719 3950 morb.
738 3895 852 3970 cephal.
866 3912 894 3948 n.
911 3894 958 3949 30.

248 3985 252 3992 ’
279 3989 329 4072 l²l
350 3993 444 4069 Erin-
457 4005 537 4062 anu.
555 3994 609 4063 13,
625 4013 655 4053 n.
669 3994 716 4064 ³7·
