2816 5282
310 345 382 448 574
467 367 514 418 or
539 366 757 418 samaram
781 367 908 418 canus
932 367 1149 419 ιιοιιιοιυιι

308 501 366 557 ter
393 482 495 554 iilam
520 507 632 580 quam
656 497 743 554 ante
761 483 1028 573 indicavimus,
1050 483 1148 558 duas
1161 488 1321 584 protulit

309 601 610 685 observationes,
646 598 802 671 alteram
842 602 985 673 uentris
1013 603 1208 674 viscerum
1244 627 1321 702 qne

309 721 472 818 graviter
493 732 670 804 contusa,
692 731 729 788 ct
752 717 912 790 lacerata
940 735 1091 816 reperta
1114 736 1247 793 sunta
1267 747 1322 794 ve-

309 833 634 921 hementioribus,
663 835 907 931 quantumvis
948 838 1161 927 tenuioris,
1198 837 1323 911 bacilli

309 954 466 1042 ictibns;
498 951 652 1024 aiteram
678 954 718 1022 in
741 975 816 1050 qua
837 953 947 1048 jecur
964 953 1136 1026 medium
1162 959 1323 1028 omnino

233 1084 244 1110 ““
308 1073 521 1170 disruptum
546 1093 567 1139 a
588 1069 624 1139 vi
653 1075 886 1142 extrinsecus
904 1070 1023 1158 illata,
1047 1071 1322 1172 deprehendit,

307 1190 456 1265 tametsi
508 1189 671 1260 exterius
715 1188 819 1260 uuila
865 1191 1026 1260 omnino
1074 1195 1323 1291 conspicere-

237 1319 240 1326 '
311 1327 373 1384 tur
419 1308 531 1379 iasio.
573 1307 742 1404 Disrupti
765 1331 940 1406 ‚quoque
978 1308 1164 1404 jecinoris
1200 1335 1323 1384 exem·

312 1429 418 1527 pium
440 1424 508 1496 tibi
537 1423 720 1496 indicabit
752 1425 985 1520 Platuerus(
1011 1426 1047 1522 ),
1083 1427 1322 1528 alterumque

310 1545 587 1618 Commercium
611 1545 849 1614 Litterarium
882 1548 928 1638 (a
946 1543 985 1638 >3
1013 1543 1118 1618 unde
1156 1545 1230 1642 (3)
1257 1564 1324 1620 ter·

309 1665 403 1736 tium
436 1662 592 1759 insuper
617 1659 777 1732 habebis
803 1661 874 1732 viri
899 1659 949 1732 ab
969 1683 1069 1759 equo
1097 1665 1140 1733 in
1168 1667 1323 1762 regione
1390 1665 1391 1738 3

310 1763 457 1880 hepatis
478 1781 639 1878 graviter
659 1779 844 1875 percussi,
862 1793 905 1852 ut
922 1794 1034 1850 coste
1057 1781 1145 1850 irnae
1176 1779 1323 1882 frange-

308 1915 457 1986 rentur,
474 1913 511 1969 et
526 1899 676 1968 visceris
692 1895 795 1967 iilius
811 1919 898 1994 pars
912 1896 1026 1996 gibba
1041 1895 1193 1972 fissuris
1210 1899 1322 1972 finde

310 2013 792 2114 returcompiuribus‚non
806 2016 856 2086 ita
866 2013 1087 2113 profundis,
1104 2031 1150 2088 ut
1171 2021 1322 2118 opinor,

311 2159 397 2209 cnm
426 2150 558 2207 venter
583 2155 662 2203 nou
690 2133 900 2231 sanguine,
929 2129 996 2204 sed
1021 2134 1140 2206 multa
1170 2101 1322 2236 lympha

311 2266 467 2326 cruenta
477 2251 644 2349 repletus
659 2247 790 2334 fuerit,
808 2273 906 2348 ager
915 2272 1006 2322 vero
1021 2262 1102 2322 hon
1112 2265 1205 2325 ante
1219 2277 1322 2352 quar·

311 2387 391 2444 tum
422 2371 606 2443 interierit
623 2367 724 2439 diem
735 2393 751 2456 ;>
762 2383 803 2440 ut
835 2366 883 2439 ad
912 2371 1136 2440 memoriam
1174 2383 1323 2444 revocet
1389 2407 1390 2410 ¹

309 2489 504 2562 historiam
535 2485 638 2558 illam
673 2487 914 2585 Hippocratis
946 2487 1022 2583 (Ab
1050 2491 1152 2559 Puer
1182 2488 1322 2560 urnula

302 2629 501 2707 percussus
516 2619 684 2678 ventrem
692 2655 703 2690 ,
723 2620 760 2674 et
773 2605 915 2703 hepar,
930 2619 1102 2676 mortuus
1114 2621 1175 2677 est
1186 2621 1322 2704 quarte
1389 2637 1390 2666 ι

309 2724 391 2809 dtu
405 2745 624 2822 quanquam
642 2722 705 2794 hic
731 2747 843 2820 puer,
866 2738 909 2794 ut
921 2722 1043 2811 rides,
1059 2722 1108 2794 ad
1134 2727 1323 2797 ventricu-

309 2838 388 2912 lum
400 2865 557 2938 quoque
576 2861 775 2939 percussus
791 2838 886 2930 fuit,
905 2856 942 2913 et
962 2841 1077 2940 louge
1095 2841 1171 2913 alia
1194 2841 1323 2915 habuit
1389 2855 1390 2888 ι

309 2973 581 3059 symptomata,
600 2983 682 3056 quae
699 2961 827 3030 omnia
845 2957 1044 3030 attendens
1061 2961 1189 3057 gravis
1210 2963 1323 3034 inter-

309 3101 397 3176 pres
409 3077 594 3148 vatrenus
609 3075 683 3170 td„
702 3075 761 3146 ob·
773 3079 1025 3148 acutissimam
1042 3078 1238 3150 viscerum
1254 3079 1323 3150 illo

308 3193 790 3280 rum,inssam1nationem,'
821 3219 900 3265 non
937 3193 988 3268 ob
1022 3192 1322 3295 disruptionem,

311 3313 581 3410 sanguinisque
599 3309 843 3401 effusionem,
856 3333 1016 3410 puerum
1029 3329 1230 3386 mortuum
1245 3337 1320 3387 esse

349 3550 395 3632 (ι)
416 3555 489 3610 Not.
502 3553 553 3610 cit.

350 3650 393 3734 (a)
414 3657 474 3711 An.
490 3653 579 3724 1728,
595 3653 685 3710 hebd.
702 3653 756 3724 32,
768 3669 800 3709 ιι.
816 3673 849 3726 ι,
861 3647 900 3711 ad
911 3665 992 3730 part-⁴
1003 3649 1032 3712 ⁵.

349 3753 395 3830 (3)
415 3757 462 3810 An
479 3754 570 3824 1734,
585 3752 675 3809 hebd.
690 3751 745 3824 35,
758 3772 790 3808 n.
805 3753 834 3812 3.

348 3857 392 3930 (Ι.)
413 3853 500 3928 Epid.
516 3857 536 3908 Ι.
551 3853 587 3925 5,
603 3873 633 3909 n.
651 3871 696 3924 ¹7·

346 3951 392 4030 (ὁ)
413 3956 578 4010 tanmem.
592 3953 624 4007 in
635 3953 712 4009 hanc
726 3948 795 4010 hist.
814 3971 880 4028 quae
896 3951 954 4027 ipsi
969 3949 1017 4010 38.
