2854 4660
284 418 357 506 304
446 443 493 490 nr
519 440 666 490 sturnus
691 441 735 488 nr
761 439 886 490 causis
912 441 1126 502 ironuonmr

160 635 162 643 ,
280 557 443 656 exempli
465 581 598 644 causa,
616 572 657 628 ut
683 559 814 626 Petrus
834 557 1092 644 Crescentius,
1126 557 1195 654 qui
1217 573 1306 628 ante

280 672 353 746 hos
390 673 682 772 quadringintos
713 697 852 758 annos,
879 698 967 750 cum
994 673 1042 746 de
1071 675 1309 773 agricultura

279 791 479 878 scriberet,
493 791 664 890 quaedam
682 790 972 887 interjeceritad
993 793 1230 892 chirurgiam
1243 817 1307 864 re-

280 911 498 984 terinariam
521 909 753 1008 spectantia,
785 911 825 980 in
843 934 943 1008 aegro
962 909 1062 984 bore
1077 913 1309 1010 sauguinem

282 1053 328 1100 ex
339 1027 468 1100 incisis
486 1015 590 1098 venis
606 1051 690 1124 quaa
709 1025 928 1126 sublingua
952 1044 1061 1118 sunt,
1083 1030 1237 1102 mittere
1252 1028 1310 1125 (r)

282 1144 475 1234 docuerit,
496 1161 561 1216 aut
580 1143 780 1242 quomodo
801 1169 873 1242 pro
896 1145 1074 1242 clysmate
1097 1147 1314 1240 injicienda

281 1263 450 1362 quodam
482 1262 697 1334 ventriculo
729 1264 926 1362 excipere,
966 1265 1076 1360 cujus
1111 1263 1312 1338 orificium

280 1379 377 1452 tubo
395 1381 440 1452 sit
457 1382 709 1467 instructum,
734 1395 772 1450 et
796 1405 865 1477 per
883 1381 987 1454 hunc
1005 1384 1045 1452 in
1065 1384 1155 1480 equi
1172 1382 1309 1454 alvum

283 1499 488 1570 immittere
510 1501 584 1592 (a),
614 1513 677 1569 aut
701 1523 778 1595 qua
804 1500 973 1587 ratione,
1007 1501 1039 1571 si
1065 1503 1104 1570 in
1132 1502 1228 1598 equi
1253 1516 1313 1572 tu-

283 1631 412 1688 mente
428 1614 608 1714 glandula
619 1614 990 1714 excidendasanguis
1001 1643 1048 1690 ex
1067 1641 1162 1688 vena
1180 1617 1315 1715 aliqua

281 1733 379 1806 forte
393 1749 617 1832 prorumpat
630 1789 639 1820 ,
651 1733 722 1804 hac
744 1735 929 1806 continuo
947 1750 1117 1833 arrepta,
1131 1751 1168 1805 et
1179 1737 1312 1816 serico

283 1851 351 1924 fito
384 1867 485 1924 arcte
524 1843 749 1940 constricta,
789 1854 836 1924 sit
872 1852 936 1926 ille
975 1851 1210 1926 coercendus
1233 1852 1309 1950 (3).

281 1973 380 2044 Num
392 1989 502 2071 putas
519 1971 598 2044 haec
611 1980 668 2070 'cx‘
679 1970 963 2068 antiquioribus
977 1972 1210 2043 veterinariis
1222 1995 1312 2042 non

283 2091 475 2164 hausisse?
487 2089 693 2162 hosautem
709 2113 790 2162 non
802 2115 848 2162 ex
864 2089 944 2162 aliis
955 2090 1068 2188 longe
1087 2090 1312 2162 vetustiori·

282 2208 376 2282 bus?
388 2225 429 2280 ut
437 2208 595 2281 fortasse
609 2223 813 2305 antequam
827 2206 1019 2303 Celsustd)
1029 2222 1066 2278 et
1075 2207 1312 2305 Galenus(5)

282 2326 463 2400 cohibere
480 2327 519 2396 in
533 2325 737 2398 vulneratis
754 2323 929 2423 partibus
947 2325 1141 2422 sanguinis
1159 2323 1308 2422 proflu

165 2539 167 2542 Ι
282 2447 387 2515 rium
408 2443 590 2516 docerent
611 2443 765 2514 vinculo
795 2445 964 2516 sauciatae
991 2458 1057 2514 aut
1086 2467 1210 2532 venae,
1237 2459 1310 2516 aut

282 2564 425 2635 arteriae
440 2563 586 2657 ⁴injecto
602 2561 664 2650 ,id
676 2562 754 2658 jam
767 2561 839 2636 illis
857 2561 970 2634 fuerit
982 2565 1183 2646 usitatum,
1203 2560 1305 2638 dum

285 2679 502 2780 glandulam
521 2679 684 2776 aliquam
703 2681 970 2779 exstirparent,
994 2697 1057 2750 aut
1077 2679 1169 2774 dum
1194 2683 1309 2778 equis

284 2801 324 2870 in
344 2798 471 2897 praeiio
486 2800 620 2870 sauciis
641 2798 897 2871 mederentur.
914 2802 1058 2872 Verum
1078 2800 1153 2870 sive
1166 2797 1213 2868 ad
1232 2796 1308 2900 h.⁰'

284 2917 427 2988 minem
447 2915 619 3010 traducta
637 2931 692 2986 est
709 2915 788 2986 haec
811 2915 1011 2990 coercendi
1030 2917 1225 3014 sanguinis
1242 2911 1307 2988 ra-

282 3036 354 3124 tic,
374 3036 449 3106 sive
463 3035 597 3130 inipso
615 3035 781 3130 primum
796 3049 936 3106 tentata
949 3049 1022 3121 est;
1033 3034 1162 3104 mirari
1175 3032 1305 3121 subit,

284 3179 405 3227 cuma
426 3153 559 3224 Galerii
571 3153 810 3250 temporibus
818 3155 958 3250 passim
975 3153 1014 3222 in
1031 3153 1304 3250 chirurgorum

283 3271 390 3344 libris
414 3269 712 3360 describeretur,
734 3296 853 3369 eaque
884 3272 984 3342 inter
1005 3287 1160 3342 caeteros
1178 3272 1218 3338 in
1239 3269 1306 3339 illa

390 3903 435 3964 De
451 3897 560 3956 Medic.
575 3897 596 3952 l.
616 3893 649 3967 5,
664 3915 689 3954 c.
705 3894 759 3967 26,
778 3914 801 3953 s.
817 3912 864 3952 ar.

285 4051 286 4054 ,
389 3997 483 4058 Meth.
500 3999 577 4056 med,
595 3998 666 4067 tt„
684 4014 710 4056 c.
727 3997 755 4054 3.
