2828 4652
271 421 341 507 134
440 441 487 488 nn
513 437 658 494 sunrnus
682 439 727 484 nr
752 437 876 486 causrs
901 437 1113 488 moerorum

268 554 556 629 Montanianum
572 555 706 624 Petrus
717 551 879 624 Bembus
895 549 954 650 (r)
966 552 1130 650 dicebat)
1139 553 1217 626 duo
1231 579 1282 626 ex

266 676 342 746 hoc
364 671 557 773 gymnasio
569 669 730 759 medici,
758 669 937 742 mandato
963 672 1186 769 amplissimi
1203 675 1283 744 Ve-

267 808 444 868 netorum
468 789 705 888 magistratus
733 787 1040 877 consuleremur,
1066 791 1282 889 expositum

269 912 383 986 nobis
398 935 502 998 esse,
524 907 719 1000 etsiiuitio
731 930 917 1005 aegrorum
934 908 1083 1004 sanguis
1102 908 1218 978 nimis
1235 921 1281 978 ut

266 1029 475 1130 plurimum
489 1025 649 1114 solutus,
672 1039 765 1096 tunc
788 1037 915 1096 autem
938 1025 1052 1096 nimis
1075 1040 1280 1097 concretus

270 1158 486 1246 appareret,
517 1157 682 1238 utroque
710 1155 836 1212 tamen
868 1142 1147 1214 constitutionis
1180 1141 1282 1214 illius

268 1279 442 1360 tempore
460 1259 642 1359 peticulas
659 1283 697 1330 se
714 1257 947 1357 prodidisse,
967 1273 1004 1332 et
1013 1259 1072 1332 vel
1080 1260 1283 1356 tuncsiqui

269 1378 367 1452 forte
385 1378 608 1452 dissolutum
626 1375 811 1451 haberent
834 1379 1053 1476 sanguinem
1069 1431 1079 1464 ,
1096 1376 1156 1450 bis
1182 1401 1282 1476 quo·

230 1510 234 1520 ’
267 1523 343 1596 que
355 1497 569 1595 promiscue
584 1520 662 1566 non
678 1519 785 1568 secus
803 1521 846 1567 ac
863 1498 1020 1584 caeteris,
1031 1495 1181 1568 easdem
1195 1517 1283 1594 pro·

266 1615 418 1702 venire3
441 1629 483 1685 ut
509 1612 676 1711 proclive
696 1628 792 1686 esset
812 1613 1043 1712 intelligere,
1072 1613 1279 1712 malignam

266 1730 421 1831 quidem
431 1731 534 1801 illam
549 1731 646 1817 vim,
662 1756 743 1829 quae
757 1733 797 1802 in
815 1755 930 1829 quam
947 1755 1086 1830 pauca,
1115 1746 1151 1802 et
1168 1731 1277 1803 tenui

265 1850 422 1920 materia
458 1847 697 1935 consisteret,
729 1849 1023 1922 communicatio
1052 1847 1180 1919 morbi
1209 1855 1280 1946 per

267 1968 484 2064 contagium
522 1965 765 2052 ostendebat,
803 1945 1134 2065 illam,'inquam‚
1167 1981 1212 2038 ut
1239 1968 1279 2037 in

264 2111 344 2158 una
361 2084 567 2182 eademque
588 2082 723 2155 eodem
735 2084 839 2171 loco,
857 2099 894 2157 et
907 2099 1078 2184 tempore
1089 2087 1275 2158 constitu-

265 2203 389 2292 tione,
406 2228 522 2274 unam
543 2200 791 2298 eamdemque
808 2225 909 2291 esse3
929 2217 966 2274 at
979 2205 1221 2302 sanguinem,
1237 2217 1281 2274 ut
1391 2189 1392 2192 ¹

267 2324 308 2395 in
326 2321 405 2408 bis,
420 2321 539 2424 illisve
567 2335 645 2390 erat
671 2319 779 2390 aliter
806 2319 1031 2418 dispositus,
1052 2321 1104 2392 ita
1134 2321 1175 2390 in
1197 2321 1279 2392 aliis

265 2438 373 2510 aliter
389 2437 560 2508 vitiatum
583 2460 781 2533 apparere:
803 2451 915 2535 atque
940 2452 982 2508 ut
1005 2436 1107 2510 aliud
1135 2439 1176 2508 in
1196 2439 1278 2510 aliis

266 2551 507 2627 manifestum
524 2554 714 2650 sanguinis
732 2554 864 2627 vitium
880 2569 964 2626 tum
977 2543 1071 2644 alia,
1094 2570 1164 2626 aut·
1173 2556 1281 2628 aliter

266 2675 307 2744 in
322 2671 403 2744 aliis
419 2670 590 2770 quaedam
602 2686 853 2770 symptomata
870 2672 1089 2763 induceret,
1107 2688 1190 2744 tum
1209 2674 1279 2746 alia

267 2789 459 2888 quaedam,
487 2802 551 2860 aut
576 2789 682 2860 aliter
700 2790 739 2859 in
766 2790 846 2862 aliis
882 2791 1049 2863 remedia
1083 2807 1278 2888 posceret3

268 2933 348 2981 esse
366 2923 491 2980 tamen
506 2921 542 2978 et
562 2906 731 3003 quaedam
747 2922 826 2978 tum
841 2923 1107 3006 symptomata,
1126 2924 1209 2980 tum
1227 2935 1280 2982 re·

267 3026 391 3098 media
411 3023 590 3097 omnibus
616 3027 857 3114 communia,
891 3051 1111 3124 quanquam
1130 3027 1194 3098 illa
1218 3025 1280 3098 bis

266 3146 387 3217 multo
400 3145 565 3214 notiora:
587 3143 672 3238 quis
693 3143 793 3213 enim
809 3143 980 3242 malignae
997 3145 1096 3215 illius
1109 3145 1164 3215 vis
1178 3169 1279 3216 com-

202 3347 210 3360 ,
265 3263 433 3333 muniter
451 3284 583 3332 omnes
599 3258 801 3331 inficientis
827 3262 1057 3358 peculiarem
1078 3276 1276 3352 naturam,

266 3380 397 3452 nisiex
414 3379 459 3449 iis
487 3403 570 3474 quae
596 3380 848 3448 communiter
876 3379 1053 3454 omuibus
1080 3377 1275 3478 proficua,

267 3513 331 3568 aut
345 3498 457 3566 noxia
485 3494 681 3566 observata
707 3511 850 3583 essent,
871 3497 1133 3594 quadantenus
1156 3498 1276 3594 conji·
1316 3577 1341 3594 ,x

267 3617 416 3688 cerese
435 3636 545 3710 posse
562 3611 732 3683 crederet
748 3613 763 3683 l
780 3616 911 3712 Neque
939 3616 1040 3686 euim
1065 3616 1135 3686 etsi
1154 3612 1275 3688 febres

260 3843 1268 3876 mm

302 3991 346 4072 (ι)
367 3995 477 4052 Iterum
487 3967 626 4050 Venetae.
642 3987 746 4050 histor.
760 3994 779 4050 l.
790 4011 809 4068 9
819 4002 848 4050 et
864 4011 909 4049 ro.
