<?xml version="1.0" encoding="UTF-8"?>
<!DOCTYPE html PUBLIC "-//W3C//DTD XHTML 1.0 Transitional//EN"
    "http://www.w3.org/TR/xhtml1/DTD/xhtml1-transitional.dtd">
<html xmlns="http://www.w3.org/1999/xhtml" xml:lang="en" lang="en">
 <head>
  <title>
</title>
<meta http-equiv="Content-Type" content="text/html;charset=utf-8" />
  <meta name='ocr-system' content='tesseract 3.04.00' />
  <meta name='ocr-capabilities' content='ocr_page ocr_carea ocr_par ocr_line ocrx_word'/>
</head>
<body>
  <div class='ocr_page' id='page_1' title='image "./desedibusetcaus03adelgoog_0465.png"; bbox 0 0 2784 5088; ppageno 0'>
   <div class='ocr_carea' id='block_1_1' title="bbox 283 389 1121 477">
    <p class='ocr_par' dir='ltr' id='par_1_1' title="bbox 283 389 1121 477">
     <span class='ocr_line' id='line_1_1' title="bbox 283 389 1121 477; baseline -0.002 -15"><span class='ocrx_word' id='word_1_1' title='bbox 283 389 356 477; x_wconf 74' lang='grc'><strong>464</strong></span> <span class='ocrx_word' id='word_1_2' title='bbox 441 411 488 458; x_wconf 83' lang='lat' dir='ltr'><strong>nn</strong></span> <span class='ocrx_word' id='word_1_3' title='bbox 514 409 661 458; x_wconf 77' lang='lat' dir='ltr'><strong>anninus</strong></span> <span class='ocrx_word' id='word_1_4' title='bbox 687 413 731 458; x_wconf 80' lang='lat' dir='ltr'><strong>rr</strong></span> <span class='ocrx_word' id='word_1_5' title='bbox 757 409 882 461; x_wconf 80' lang='lat' dir='ltr'><strong>cansrs</strong></span> <span class='ocrx_word' id='word_1_6' title='bbox 907 397 1121 460; x_wconf 74' lang='lat' dir='ltr'><strong>nonnosum</strong></span> 
     </span>
    </p>
   </div>
   <div class='ocr_carea' id='block_1_2' title="bbox 202 523 1302 4035">
    <p class='ocr_par' dir='ltr' id='par_1_2' title="bbox 280 523 1302 1328">
     <span class='ocr_line' id='line_1_2' title="bbox 284 523 1299 623; baseline 0.003 -28"><span class='ocrx_word' id='word_1_7' title='bbox 284 523 497 622; x_wconf 89' lang='lat' dir='ltr'><strong>perioribus</strong></span> <span class='ocrx_word' id='word_1_8' title='bbox 528 524 661 595; x_wconf 87' lang='lat' dir='ltr'><strong>litteris</strong></span> <span class='ocrx_word' id='word_1_9' title='bbox 682 526 810 620; x_wconf 90' lang='lat' dir='ltr'><strong>attigi,</strong></span> <span class='ocrx_word' id='word_1_10' title='bbox 846 540 926 596; x_wconf 88' lang='lat' dir='ltr'><strong>tum</strong></span> <span class='ocrx_word' id='word_1_11' title='bbox 957 525 1053 596; x_wconf 89' lang='lat' dir='ltr'><strong>illud</strong></span> <span class='ocrx_word' id='word_1_12' title='bbox 1086 529 1299 623; x_wconf 84' lang='lat' dir='ltr'><strong>praesertim</strong></span> 
     </span>
     <span class='ocr_line' id='line_1_3' title="bbox 284 640 1302 744; baseline 0.002 -30"><span class='ocrx_word' id='word_1_13' title='bbox 284 641 500 715; x_wconf 87' lang='lat' dir='ltr'><strong>confirmari</strong></span> <span class='ocrx_word' id='word_1_14' title='bbox 515 640 680 728; x_wconf 88' lang='lat' dir='ltr'><strong>videbis,</strong></span> <span class='ocrx_word' id='word_1_15' title='bbox 698 667 778 713; x_wconf 86' lang='lat' dir='ltr'><strong>esse</strong></span> <span class='ocrx_word' id='word_1_16' title='bbox 798 643 1003 744; x_wconf 86' lang='lat' dir='ltr'><strong>aliquando</strong></span> <span class='ocrx_word' id='word_1_17' title='bbox 1025 642 1194 716; x_wconf 80' lang='lat' dir='ltr'><strong>effusum</strong></span> <span class='ocrx_word' id='word_1_18' title='bbox 1215 670 1302 716; x_wconf 89' lang='lat' dir='ltr'><strong>san-</strong></span> 
     </span>
     <span class='ocr_line' id='line_1_4' title="bbox 284 757 1302 859; baseline 0.002 -27"><span class='ocrx_word' id='word_1_19' title='bbox 284 762 436 859; x_wconf 89' lang='lat' dir='ltr'><strong>guinem</strong></span> <span class='ocrx_word' id='word_1_20' title='bbox 461 781 540 830; x_wconf 91' lang='lat' dir='ltr'><strong>non</strong></span> <span class='ocrx_word' id='word_1_21' title='bbox 563 757 629 829; x_wconf 91' lang='lat' dir='ltr'><strong>ubi</strong></span> <span class='ocrx_word' id='word_1_22' title='bbox 652 760 746 843; x_wconf 87' lang='lat' dir='ltr'><strong>icta,</strong></span> <span class='ocrx_word' id='word_1_23' title='bbox 775 775 812 830; x_wconf 90' lang='lat' dir='ltr'><strong>et</strong></span> <span class='ocrx_word' id='word_1_24' title='bbox 835 759 920 832; x_wconf 88' lang='lat' dir='ltr'><strong>fissa</strong></span> <span class='ocrx_word' id='word_1_25' title='bbox 940 761 1099 832; x_wconf 88' lang='lat' dir='ltr'><strong>calvaria</strong></span> <span class='ocrx_word' id='word_1_26' title='bbox 1125 778 1208 850; x_wconf 90' lang='lat' dir='ltr'><strong>est,</strong></span> <span class='ocrx_word' id='word_1_27' title='bbox 1236 763 1302 834; x_wconf 89' lang='lat' dir='ltr'><strong>sed</strong></span> 
     </span>
     <span class='ocr_line' id='line_1_5' title="bbox 280 879 1299 976; baseline 0.001 -27"><span class='ocrx_word' id='word_1_28' title='bbox 280 880 379 950; x_wconf 89' lang='lat' dir='ltr'><strong>intra</strong></span> <span class='ocrx_word' id='word_1_29' title='bbox 399 879 612 976; x_wconf 87' lang='lat' dir='ltr'><strong>oppositam</strong></span> <span class='ocrx_word' id='word_1_30' title='bbox 632 879 714 973; x_wconf 86' lang='lat' dir='ltr'><strong>ejus</strong></span> <span class='ocrx_word' id='word_1_31' title='bbox 736 893 892 974; x_wconf 88' lang='lat' dir='ltr'><strong>partem.</strong></span> <span class='ocrx_word' id='word_1_32' title='bbox 929 883 1053 955; x_wconf 69' lang='lat' dir='ltr'><strong>Nunc,</strong></span> <span class='ocrx_word' id='word_1_33' title='bbox 1072 879 1115 950; x_wconf 87' lang='lat' dir='ltr'><strong>ad</strong></span> <span class='ocrx_word' id='word_1_34' title='bbox 1144 881 1299 976; x_wconf 85' lang='lat' dir='ltr'><strong>aliquot</strong></span> 
     </span>
     <span class='ocr_line' id='line_1_6' title="bbox 281 995 1301 1083; baseline 0 -17"><span class='ocrx_word' id='word_1_35' title='bbox 281 997 473 1066; x_wconf 84' lang='lat' dir='ltr'><strong>Patavinas</strong></span> <span class='ocrx_word' id='word_1_36' title='bbox 497 995 742 1068; x_wconf 84' lang='lat' dir='ltr'><strong>dissentiones</strong></span> <span class='ocrx_word' id='word_1_37' title='bbox 766 1009 1018 1083; x_wconf 87' lang='lat' dir='ltr'><strong>transeamus,</strong></span> <span class='ocrx_word' id='word_1_38' title='bbox 1046 997 1155 1068; x_wconf 84' lang='lat' dir='ltr'><strong>initio</strong></span> <span class='ocrx_word' id='word_1_39' title='bbox 1179 996 1233 1066; x_wconf 90' lang='lat' dir='ltr'><strong>ab</strong></span> <span class='ocrx_word' id='word_1_40' title='bbox 1259 1020 1301 1066; x_wconf 89' lang='lat' dir='ltr'><strong>ea</strong></span> 
     </span>
     <span class='ocr_line' id='line_1_7' title="bbox 282 1111 1301 1210; baseline 0 -26"><span class='ocrx_word' id='word_1_41' title='bbox 282 1112 414 1201; x_wconf 91' lang='lat' dir='ltr'><strong>ducto,</strong></span> <span class='ocrx_word' id='word_1_42' title='bbox 432 1115 472 1182; x_wconf 90' lang='lat' dir='ltr'><strong>in</strong></span> <span class='ocrx_word' id='word_1_43' title='bbox 486 1136 562 1209; x_wconf 89' lang='lat' dir='ltr'><strong>qua</strong></span> <span class='ocrx_word' id='word_1_44' title='bbox 575 1111 701 1182; x_wconf 85' lang='lat' dir='ltr'><strong>baculi</strong></span> <span class='ocrx_word' id='word_1_45' title='bbox 715 1113 857 1210; x_wconf 86' lang='lat' dir='ltr'><strong>pariter</strong></span> <span class='ocrx_word' id='word_1_46' title='bbox 877 1113 1013 1185; x_wconf 90' lang='lat' dir='ltr'><strong>ictibus</strong></span> <span class='ocrx_word' id='word_1_47' title='bbox 1026 1112 1152 1186; x_wconf 86' lang='lat' dir='ltr'><strong>fissam</strong></span> <span class='ocrx_word' id='word_1_48' title='bbox 1174 1115 1301 1184; x_wconf 86' lang='lat' dir='ltr'><strong>calva·</strong></span> 
     </span>
     <span class='ocr_line' id='line_1_8' title="bbox 280 1231 669 1328; baseline -0.015 -24"><span class='ocrx_word' id='word_1_49' title='bbox 280 1231 374 1304; x_wconf 87' lang='lat' dir='ltr'><strong>riam</strong></span> <span class='ocrx_word' id='word_1_50' title='bbox 394 1233 669 1328; x_wconf 81' lang='lat' dir='ltr'><strong>conspeximus.</strong></span> 
     </span>
    </p>

    <p class='ocr_par' dir='ltr' id='par_1_3' title="bbox 202 1346 1301 4035">
     <span class='ocr_line' id='line_1_9' title="bbox 333 1346 1299 1446; baseline 0 -24"><span class='ocrx_word' id='word_1_51' title='bbox 333 1349 390 1422; x_wconf 87' lang='lat'><strong>30.</strong></span> <span class='ocrx_word' id='word_1_52' title='bbox 403 1351 470 1420; x_wconf 89' lang='lat' dir='ltr'><strong>Vir</strong></span> <span class='ocrx_word' id='word_1_53' title='bbox 482 1346 636 1444; x_wconf 85' lang='lat' dir='ltr'><strong>quidam</strong></span> <span class='ocrx_word' id='word_1_54' title='bbox 653 1373 698 1420; x_wconf 83' lang='lat' dir='ltr'><strong>ex</strong></span> <span class='ocrx_word' id='word_1_55' title='bbox 707 1348 869 1446; x_wconf 88' lang='lat' dir='ltr'><strong>Liguria,</strong></span> <span class='ocrx_word' id='word_1_56' title='bbox 879 1347 1022 1431; x_wconf 86' lang='lat' dir='ltr'><strong>luscus,</strong></span> <span class='ocrx_word' id='word_1_57' title='bbox 1032 1348 1299 1436; x_wconf 76' lang='lat' dir='ltr'><strong>etmendicu5‚</strong></span> 
     </span>
     <span class='ocr_line' id='line_1_10' title="bbox 282 1465 1301 1552; baseline -0.003 -12"><span class='ocrx_word' id='word_1_58' title='bbox 282 1466 410 1540; x_wconf 91' lang='lat' dir='ltr'><strong>ebrius</strong></span> <span class='ocrx_word' id='word_1_59' title='bbox 434 1490 521 1536; x_wconf 87' lang='lat' dir='ltr'><strong>cum</strong></span> <span class='ocrx_word' id='word_1_60' title='bbox 537 1465 618 1536; x_wconf 88' lang='lat' dir='ltr'><strong>aliis</strong></span> <span class='ocrx_word' id='word_1_61' title='bbox 641 1465 755 1536; x_wconf 89' lang='lat' dir='ltr'><strong>ebriis</strong></span> <span class='ocrx_word' id='word_1_62' title='bbox 774 1465 958 1538; x_wconf 90' lang='lat' dir='ltr'><strong>mendicis</strong></span> <span class='ocrx_word' id='word_1_63' title='bbox 978 1467 1139 1552; x_wconf 82' lang='lat' dir='ltr'><strong>rixatus,</strong></span> <span class='ocrx_word' id='word_1_64' title='bbox 1158 1465 1208 1538; x_wconf 90' lang='lat' dir='ltr'><strong>ab</strong></span> <span class='ocrx_word' id='word_1_65' title='bbox 1230 1467 1301 1538; x_wconf 91' lang='lat' dir='ltr'><strong>ho·</strong></span> 
     </span>
     <span class='ocr_line' id='line_1_11' title="bbox 279 1582 1301 1678; baseline 0.003 -22"><span class='ocrx_word' id='word_1_66' title='bbox 279 1609 366 1656; x_wconf 90' lang='lat' dir='ltr'><strong>rum</strong></span> <span class='ocrx_word' id='word_1_67' title='bbox 383 1583 528 1654; x_wconf 86' lang='lat' dir='ltr'><strong>baculis</strong></span> <span class='ocrx_word' id='word_1_68' title='bbox 549 1582 678 1654; x_wconf 90' lang='lat' dir='ltr'><strong>retulit</strong></span> <span class='ocrx_word' id='word_1_69' title='bbox 698 1582 811 1670; x_wconf 76' lang='lat' dir='ltr'><strong>duoS,</strong></span> <span class='ocrx_word' id='word_1_70' title='bbox 827 1582 948 1654; x_wconf 88' lang='lat' dir='ltr'><strong>levem</strong></span> <span class='ocrx_word' id='word_1_71' title='bbox 959 1582 1114 1678; x_wconf 91' lang='lat' dir='ltr'><strong>quidem</strong></span> <span class='ocrx_word' id='word_1_72' title='bbox 1126 1584 1168 1652; x_wconf 92' lang='lat' dir='ltr'><strong>in</strong></span> <span class='ocrx_word' id='word_1_73' title='bbox 1179 1609 1301 1658; x_wconf 88' lang='lat' dir='ltr'><strong>manu</strong></span> 
     </span>
     <span class='ocr_line' id='line_1_12' title="bbox 282 1690 1301 1798; baseline 0 -25"><span class='ocrx_word' id='word_1_74' title='bbox 282 1702 418 1788; x_wconf 87' lang='lat' dir='ltr'><strong>altera,</strong></span> <span class='ocrx_word' id='word_1_75' title='bbox 447 1690 606 1798; x_wconf 87' lang='lat' dir='ltr'><strong>gravem</strong></span> <span class='ocrx_word' id='word_1_76' title='bbox 626 1715 751 1771; x_wconf 84' lang='lat' dir='ltr'><strong>autem</strong></span> <span class='ocrx_word' id='word_1_77' title='bbox 779 1699 827 1771; x_wconf 86' lang='lat' dir='ltr'><strong>ad</strong></span> <span class='ocrx_word' id='word_1_78' title='bbox 845 1715 995 1797; x_wconf 91' lang='lat' dir='ltr'><strong>tempus</strong></span> <span class='ocrx_word' id='word_1_79' title='bbox 1014 1703 1231 1789; x_wconf 89' lang='lat' dir='ltr'><strong>sinistrum,</strong></span> <span class='ocrx_word' id='word_1_80' title='bbox 1261 1717 1301 1773; x_wconf 89' lang='lat' dir='ltr'><strong>ut</strong></span> 
     </span>
     <span class='ocr_line' id='line_1_13' title="bbox 281 1818 1299 1914; baseline -0.002 -22"><span class='ocrx_word' id='word_1_81' title='bbox 281 1843 327 1892; x_wconf 80' lang='lat' dir='ltr'><strong>ex</strong></span> <span class='ocrx_word' id='word_1_82' title='bbox 353 1818 520 1913; x_wconf 85' lang='lat' dir='ltr'><strong>subjecta</strong></span> <span class='ocrx_word' id='word_1_83' title='bbox 549 1843 640 1888; x_wconf 86' lang='lat' dir='ltr'><strong>anre</strong></span> <span class='ocrx_word' id='word_1_84' title='bbox 675 1819 826 1914; x_wconf 87' lang='lat' dir='ltr'><strong>sanguis</strong></span> <span class='ocrx_word' id='word_1_85' title='bbox 855 1818 997 1889; x_wconf 87' lang='lat' dir='ltr'><strong>exierit.</strong></span> <span class='ocrx_word' id='word_1_86' title='bbox 1040 1821 1131 1887; x_wconf 85' lang='lat' dir='ltr'><strong>Mox</strong></span> <span class='ocrx_word' id='word_1_87' title='bbox 1168 1833 1299 1892; x_wconf 88' lang='lat' dir='ltr'><strong>tamen</strong></span> 
     </span>
     <span class='ocr_line' id='line_1_14' title="bbox 281 1933 1296 2033; baseline -0.003 -24"><span class='ocrx_word' id='word_1_88' title='bbox 281 1936 477 2009; x_wconf 85' lang='lat' dir='ltr'><strong>conciliata</strong></span> <span class='ocrx_word' id='word_1_89' title='bbox 494 1959 606 2033; x_wconf 89' lang='lat' dir='ltr'><strong>pace,</strong></span> <span class='ocrx_word' id='word_1_90' title='bbox 620 1935 761 2006; x_wconf 81' lang='lat' dir='ltr'><strong>ibidem</strong></span> <span class='ocrx_word' id='word_1_91' title='bbox 786 1959 874 2005; x_wconf 89' lang='lat' dir='ltr'><strong>oum</strong></span> <span class='ocrx_word' id='word_1_92' title='bbox 892 1935 981 2031; x_wconf 88' lang='lat' dir='ltr'><strong>ipsis</strong></span> <span class='ocrx_word' id='word_1_93' title='bbox 998 1933 1045 2006; x_wconf 89' lang='lat' dir='ltr'><strong>ad</strong></span> <span class='ocrx_word' id='word_1_94' title='bbox 1059 1936 1189 2032; x_wconf 88' lang='lat' dir='ltr'><strong>ignem</strong></span> <span class='ocrx_word' id='word_1_95' title='bbox 1211 1962 1296 2008; x_wconf 88' lang='lat' dir='ltr'><strong>eon·</strong></span> 
     </span>
     <span class='ocr_line' id='line_1_15' title="bbox 281 2052 1297 2148; baseline 0 -22"><span class='ocrx_word' id='word_1_96' title='bbox 281 2054 395 2140; x_wconf 88' lang='lat' dir='ltr'><strong>sidet,</strong></span> <span class='ocrx_word' id='word_1_97' title='bbox 411 2054 611 2148; x_wconf 89' lang='lat' dir='ltr'><strong>multoque</strong></span> <span class='ocrx_word' id='word_1_98' title='bbox 638 2053 776 2122; x_wconf 89' lang='lat' dir='ltr'><strong>iterum</strong></span> <span class='ocrx_word' id='word_1_99' title='bbox 794 2076 832 2123; x_wconf 91' lang='lat' dir='ltr'><strong>se</strong></span> <span class='ocrx_word' id='word_1_100' title='bbox 860 2052 969 2139; x_wconf 85' lang='lat' dir='ltr'><strong>vino,</strong></span> <span class='ocrx_word' id='word_1_101' title='bbox 994 2053 1104 2148; x_wconf 85' lang='lat' dir='ltr'>quasi</span> <span class='ocrx_word' id='word_1_102' title='bbox 1129 2052 1297 2126; x_wconf 91' lang='lat' dir='ltr'><strong>redinte-</strong></span> 
     </span>
     <span class='ocr_line' id='line_1_16' title="bbox 280 2170 1294 2270; baseline 0 -28"><span class='ocrx_word' id='word_1_103' title='bbox 280 2187 391 2270; x_wconf 67' lang='lat' dir='ltr'><strong>gratae</strong></span> <span class='ocrx_word' id='word_1_104' title='bbox 408 2171 577 2240; x_wconf 71' lang='lat' dir='ltr'><strong>amicitiae</strong></span> <span class='ocrx_word' id='word_1_105' title='bbox 601 2171 779 2266; x_wconf 90' lang='lat' dir='ltr'><strong>pignore,</strong></span> <span class='ocrx_word' id='word_1_106' title='bbox 807 2170 1035 2265; x_wconf 82' lang='lat' dir='ltr'><strong>ingurgitat:</strong></span> <span class='ocrx_word' id='word_1_107' title='bbox 1067 2194 1140 2240; x_wconf 90' lang='lat' dir='ltr'><strong>nec</strong></span> <span class='ocrx_word' id='word_1_108' title='bbox 1172 2171 1294 2242; x_wconf 91' lang='lat' dir='ltr'><strong>multo</strong></span> 
     </span>
     <span class='ocr_line' id='line_1_17' title="bbox 202 2285 1294 2388; baseline -0.004 -26"><span class='ocrx_word' id='word_1_109' title='bbox 202 2363 210 2372; x_wconf 80' lang='grc'><em>,</em></span> <span class='ocrx_word' id='word_1_110' title='bbox 279 2306 365 2388; x_wconf 90' lang='lat' dir='ltr'><strong>post</strong></span> <span class='ocrx_word' id='word_1_111' title='bbox 388 2290 451 2358; x_wconf 87' lang='lat' dir='ltr'><strong>illa</strong></span> <span class='ocrx_word' id='word_1_112' title='bbox 468 2287 599 2359; x_wconf 89' lang='lat' dir='ltr'><strong>eadem</strong></span> <span class='ocrx_word' id='word_1_113' title='bbox 629 2303 741 2362; x_wconf 86' lang='lat' dir='ltr'><strong>nocte</strong></span> <span class='ocrx_word' id='word_1_114' title='bbox 763 2287 937 2358; x_wconf 70' lang='lat' dir='ltr'><strong>moritur,</strong></span> <span class='ocrx_word' id='word_1_115' title='bbox 963 2285 1133 2358; x_wconf 85' lang='lat' dir='ltr'><strong>Cadaver</strong></span> <span class='ocrx_word' id='word_1_116' title='bbox 1156 2292 1294 2384; x_wconf 88' lang='lat' dir='ltr'><strong>postri-</strong></span> 
     </span>
     <span class='ocr_line' id='line_1_18' title="bbox 279 2405 1292 2508; baseline -0.003 -29"><span class='ocrx_word' id='word_1_117' title='bbox 279 2408 363 2494; x_wconf 92' lang='lat' dir='ltr'><strong>die,</strong></span> <span class='ocrx_word' id='word_1_118' title='bbox 379 2407 551 2504; x_wconf 89' lang='lat' dir='ltr'><strong>quamvis</strong></span> <span class='ocrx_word' id='word_1_119' title='bbox 570 2405 922 2508; x_wconf 79' lang='lat' dir='ltr'><strong>extremojanuario</strong></span> <span class='ocrx_word' id='word_1_120' title='bbox 941 2405 1031 2476; x_wconf 89' lang='lat' dir='ltr'><strong>anni</strong></span> <span class='ocrx_word' id='word_1_121' title='bbox 1051 2405 1166 2500; x_wconf 72' lang='lat'><strong>1746,</strong></span> <span class='ocrx_word' id='word_1_122' title='bbox 1184 2407 1292 2476; x_wconf 87' lang='lat' dir='ltr'><strong>etiam</strong></span> 
     </span>
     <span class='ocr_line' id='line_1_19' title="bbox 278 2523 1292 2619; baseline -0.002 -22"><span class='ocrx_word' id='word_1_123' title='bbox 278 2542 360 2598; x_wconf 89' lang='lat' dir='ltr'><strong>tum</strong></span> <span class='ocrx_word' id='word_1_124' title='bbox 391 2523 557 2610; x_wconf 86' lang='lat' dir='ltr'><strong>calebat,</strong></span> <span class='ocrx_word' id='word_1_125' title='bbox 584 2547 675 2592; x_wconf 82' lang='lat' dir='ltr'><strong>eum</strong></span> <span class='ocrx_word' id='word_1_126' title='bbox 701 2536 787 2592; x_wconf 90' lang='lat' dir='ltr'><strong>ante</strong></span> <span class='ocrx_word' id='word_1_127' title='bbox 810 2537 963 2594; x_wconf 88' lang='lat' dir='ltr'><strong>noctem</strong></span> <span class='ocrx_word' id='word_1_128' title='bbox 987 2523 1028 2590; x_wconf 91' lang='lat' dir='ltr'><strong>in</strong></span> <span class='ocrx_word' id='word_1_129' title='bbox 1054 2525 1292 2619; x_wconf 82' lang='lat' dir='ltr'><strong>gymnasium</strong></span> 
     </span>
     <span class='ocr_line' id='line_1_20' title="bbox 278 2637 1292 2728; baseline 0 -14"><span class='ocrx_word' id='word_1_130' title='bbox 278 2641 422 2714; x_wconf 88' lang='lat' dir='ltr'><strong>illatum</strong></span> <span class='ocrx_word' id='word_1_131' title='bbox 438 2654 503 2710; x_wconf 92' lang='lat' dir='ltr'><strong>est.</strong></span> <span class='ocrx_word' id='word_1_132' title='bbox 524 2638 595 2709; x_wconf 92' lang='lat' dir='ltr'><strong>Ubi</strong></span> <span class='ocrx_word' id='word_1_133' title='bbox 615 2663 701 2709; x_wconf 93' lang='lat' dir='ltr'><strong>cum</strong></span> <span class='ocrx_word' id='word_1_134' title='bbox 727 2654 929 2710; x_wconf 84' lang='lat' dir='ltr'><strong>anatomen</strong></span> <span class='ocrx_word' id='word_1_135' title='bbox 955 2637 1160 2728; x_wconf 86' lang='lat' dir='ltr'><strong>docerem,</strong></span> <span class='ocrx_word' id='word_1_136' title='bbox 1203 2643 1292 2714; x_wconf 78' lang='lat' dir='ltr'><strong>inse</strong></span> 
     </span>
     <span class='ocr_line' id='line_1_21' title="bbox 278 2755 1290 2855; baseline 0.002 -27"><span class='ocrx_word' id='word_1_137' title='bbox 278 2756 484 2855; x_wconf 90' lang='lat' dir='ltr'><strong>quentibus</strong></span> <span class='ocrx_word' id='word_1_138' title='bbox 500 2756 635 2828; x_wconf 89' lang='lat' dir='ltr'><strong>diebus</strong></span> <span class='ocrx_word' id='word_1_139' title='bbox 652 2756 969 2853; x_wconf 80' lang='lat' dir='ltr'><strong>persectum·luit;</strong></span> <span class='ocrx_word' id='word_1_140' title='bbox 988 2755 1177 2828; x_wconf 90' lang='lat' dir='ltr'><strong>idoneum</strong></span> <span class='ocrx_word' id='word_1_141' title='bbox 1193 2761 1290 2830; x_wconf 89' lang='lat' dir='ltr'><strong>enim</strong></span> 
     </span>
     <span class='ocr_line' id='line_1_22' title="bbox 278 2873 1291 2974; baseline 0 -26"><span class='ocrx_word' id='word_1_142' title='bbox 278 2876 324 2948; x_wconf 89' lang='lat' dir='ltr'><strong>ad</strong></span> <span class='ocrx_word' id='word_1_143' title='bbox 345 2876 523 2974; x_wconf 88' lang='lat' dir='ltr'><strong>pleraque</strong></span> <span class='ocrx_word' id='word_1_144' title='bbox 547 2889 646 2961; x_wconf 87' lang='lat' dir='ltr'><strong>erat;</strong></span> <span class='ocrx_word' id='word_1_145' title='bbox 666 2877 814 2946; x_wconf 88' lang='lat' dir='ltr'><strong>tametsi</strong></span> <span class='ocrx_word' id='word_1_146' title='bbox 833 2873 880 2946; x_wconf 88' lang='lat' dir='ltr'><strong>ad</strong></span> <span class='ocrx_word' id='word_1_147' title='bbox 900 2876 1015 2946; x_wconf 87' lang='lat' dir='ltr'><strong>imam</strong></span> <span class='ocrx_word' id='word_1_148' title='bbox 1037 2873 1174 2946; x_wconf 87' lang='lat' dir='ltr'><strong>tibiam</strong></span> <span class='ocrx_word' id='word_1_149' title='bbox 1195 2880 1291 2950; x_wconf 78' lang='lat' dir='ltr'><strong>sinis</strong></span> 
     </span>
     <span class='ocr_line' id='line_1_23' title="bbox 266 2991 1288 3089; baseline -0.001 -22"><span class='ocrx_word' id='word_1_150' title='bbox 266 2998 373 3066; x_wconf 49' lang='lat' dir='ltr'><strong>*tram</strong></span> <span class='ocrx_word' id='word_1_151' title='bbox 392 3008 472 3064; x_wconf 88' lang='lat' dir='ltr'><strong>erat</strong></span> <span class='ocrx_word' id='word_1_152' title='bbox 491 2991 765 3076; x_wconf 81' lang='lat' dir='ltr'><strong>exulceratum,</strong></span> <span class='ocrx_word' id='word_1_153' title='bbox 783 3007 950 3062; x_wconf 88' lang='lat' dir='ltr'><strong>scrotum</strong></span> <span class='ocrx_word' id='word_1_154' title='bbox 965 3005 1109 3080; x_wconf 88' lang='lat' dir='ltr'><strong>autem,</strong></span> <span class='ocrx_word' id='word_1_155' title='bbox 1125 2996 1238 3089; x_wconf 87' lang='lat' dir='ltr'><strong>quasi</strong></span> <span class='ocrx_word' id='word_1_156' title='bbox 1247 2994 1288 3066; x_wconf 90' lang='lat' dir='ltr'><strong>ab</strong></span> 
     </span>
     <span class='ocr_line' id='line_1_24' title="bbox 277 3107 1287 3208; baseline -0.002 -24"><span class='ocrx_word' id='word_1_157' title='bbox 277 3112 515 3208; x_wconf 86' lang='lat' dir='ltr'><strong>ecchymosi,</strong></span> <span class='ocrx_word' id='word_1_158' title='bbox 530 3135 576 3183; x_wconf 80' lang='lat' dir='ltr'><strong>ex</strong></span> <span class='ocrx_word' id='word_1_159' title='bbox 592 3107 711 3180; x_wconf 89' lang='lat' dir='ltr'><strong>rubro</strong></span> <span class='ocrx_word' id='word_1_160' title='bbox 731 3109 961 3205; x_wconf 84' lang='lat' dir='ltr'><strong>violaceum,</strong></span> <span class='ocrx_word' id='word_1_161' title='bbox 975 3123 1235 3208; x_wconf 84' lang='lat' dir='ltr'><strong>ventremque</strong></span> <span class='ocrx_word' id='word_1_162' title='bbox 1251 3113 1287 3182; x_wconf 89' lang='lat' dir='ltr'><strong>in</strong></span> 
     </span>
     <span class='ocr_line' id='line_1_25' title="bbox 276 3226 1288 3328; baseline 0.002 -28"><span class='ocrx_word' id='word_1_163' title='bbox 276 3232 408 3328; x_wconf 90' lang='lat' dir='ltr'><strong>primis</strong></span> <span class='ocrx_word' id='word_1_164' title='bbox 428 3227 592 3298; x_wconf 88' lang='lat' dir='ltr'><strong>habebat</strong></span> <span class='ocrx_word' id='word_1_165' title='bbox 623 3226 822 3301; x_wconf 91' lang='lat' dir='ltr'><strong>tumidum.</strong></span> <span class='ocrx_word' id='word_1_166' title='bbox 860 3227 1075 3298; x_wconf 85' lang='lat' dir='ltr'><strong>Abdomine</strong></span> <span class='ocrx_word' id='word_1_167' title='bbox 1101 3231 1210 3300; x_wconf 90' lang='lat' dir='ltr'><strong>enim</strong></span> <span class='ocrx_word' id='word_1_168' title='bbox 1238 3229 1288 3302; x_wconf 90' lang='lat' dir='ltr'><strong>di·</strong></span> 
     </span>
     <span class='ocr_line' id='line_1_26' title="bbox 276 3345 1287 3444; baseline -0.002 -24"><span class='ocrx_word' id='word_1_169' title='bbox 276 3347 411 3432; x_wconf 90' lang='lat' dir='ltr'><strong>ducto,</strong></span> <span class='ocrx_word' id='word_1_170' title='bbox 437 3362 626 3416; x_wconf 89' lang='lat' dir='ltr'><strong>tumorem</strong></span> <span class='ocrx_word' id='word_1_171' title='bbox 656 3345 906 3417; x_wconf 86' lang='lat' dir='ltr'><strong>aventriculo</strong></span> <span class='ocrx_word' id='word_1_172' title='bbox 935 3369 1014 3417; x_wconf 86' lang='lat' dir='ltr'><strong>esse</strong></span> <span class='ocrx_word' id='word_1_173' title='bbox 1044 3365 1287 3444; x_wconf 88' lang='lat' dir='ltr'><strong>compertum</strong></span> 
     </span>
     <span class='ocr_line' id='line_1_27' title="bbox 275 3461 1289 3561; baseline 0 -24"><span class='ocrx_word' id='word_1_174' title='bbox 275 3480 351 3553; x_wconf 86' lang='lat' dir='ltr'><strong>est,</strong></span> <span class='ocrx_word' id='word_1_175' title='bbox 370 3489 482 3561; x_wconf 89' lang='lat' dir='ltr'><strong>quem</strong></span> <span class='ocrx_word' id='word_1_176' title='bbox 504 3466 653 3549; x_wconf 90' lang='lat' dir='ltr'><strong>vinum,</strong></span> <span class='ocrx_word' id='word_1_177' title='bbox 674 3478 710 3534; x_wconf 88' lang='lat' dir='ltr'><strong>et</strong></span> <span class='ocrx_word' id='word_1_178' title='bbox 732 3489 797 3534; x_wconf 89' lang='lat' dir='ltr'><strong>aer</strong></span> <span class='ocrx_word' id='word_1_179' title='bbox 822 3461 1089 3534; x_wconf 89' lang='lat' dir='ltr'><strong>distendebant</strong></span> <span class='ocrx_word' id='word_1_180' title='bbox 1109 3465 1233 3554; x_wconf 86' lang='lat' dir='ltr'><strong>adeo,</strong></span> <span class='ocrx_word' id='word_1_181' title='bbox 1252 3482 1289 3537; x_wconf 93' lang='lat' dir='ltr'><strong>ut</strong></span> 
     </span>
     <span class='ocr_line' id='line_1_28' title="bbox 274 3581 1287 3680; baseline 0.001 -26"><span class='ocrx_word' id='word_1_182' title='bbox 274 3584 393 3680; x_wconf 83' lang='lat' dir='ltr'><strong>magis</strong></span> <span class='ocrx_word' id='word_1_183' title='bbox 416 3582 456 3652; x_wconf 89' lang='lat' dir='ltr'><strong>in</strong></span> <span class='ocrx_word' id='word_1_184' title='bbox 481 3581 554 3652; x_wconf 88' lang='lat' dir='ltr'><strong>alio</strong></span> <span class='ocrx_word' id='word_1_185' title='bbox 575 3606 652 3651; x_wconf 93' lang='lat' dir='ltr'><strong>non</strong></span> <span class='ocrx_word' id='word_1_186' title='bbox 669 3581 948 3667; x_wconf 85' lang='lat' dir='ltr'><strong>meminissem,</strong></span> <span class='ocrx_word' id='word_1_187' title='bbox 973 3605 1061 3652; x_wconf 88' lang='lat' dir='ltr'><strong>cnm</strong></span> <span class='ocrx_word' id='word_1_188' title='bbox 1087 3582 1287 3671; x_wconf 88' lang='lat' dir='ltr'><strong>intestina,</strong></span> 
     </span>
     <span class='ocr_line' id='line_1_29' title="bbox 273 3696 1288 3799; baseline 0 -25"><span class='ocrx_word' id='word_1_189' title='bbox 273 3704 403 3774; x_wconf 89' lang='lat' dir='ltr'><strong>tenuia</strong></span> <span class='ocrx_word' id='word_1_190' title='bbox 420 3701 649 3799; x_wconf 82' lang='lat' dir='ltr'><strong>praesertim,</strong></span> <span class='ocrx_word' id='word_1_191' title='bbox 673 3713 797 3770; x_wconf 88' lang='lat' dir='ltr'><strong>essent</strong></span> <span class='ocrx_word' id='word_1_192' title='bbox 816 3696 933 3770; x_wconf 85' lang='lat' dir='ltr'><strong>ferme</strong></span> <span class='ocrx_word' id='word_1_193' title='bbox 948 3700 1077 3769; x_wconf 91' lang='lat' dir='ltr'><strong>inania</strong></span> <span class='ocrx_word' id='word_1_194' title='bbox 1096 3753 1105 3786; x_wconf 92' lang='lat'><strong>,</strong></span> <span class='ocrx_word' id='word_1_195' title='bbox 1133 3716 1179 3771; x_wconf 93' lang='lat' dir='ltr'><strong>ut</strong></span> <span class='ocrx_word' id='word_1_196' title='bbox 1199 3701 1288 3774; x_wconf 84' lang='lat' dir='ltr'><strong>frus·</strong></span> 
     </span>
     <span class='ocr_line' id='line_1_30' title="bbox 275 3817 1284 3918; baseline -0.003 -27"><span class='ocrx_word' id='word_1_197' title='bbox 275 3835 331 3892; x_wconf 88' lang='lat' dir='ltr'><strong>tra</strong></span> <span class='ocrx_word' id='word_1_198' title='bbox 356 3821 489 3918; x_wconf 89' lang='lat' dir='ltr'><strong>aliqui,</strong></span> <span class='ocrx_word' id='word_1_199' title='bbox 510 3819 605 3889; x_wconf 88' lang='lat' dir='ltr'><strong>utin</strong></span> <span class='ocrx_word' id='word_1_200' title='bbox 624 3817 780 3890; x_wconf 90' lang='lat' dir='ltr'><strong>homine</strong></span> <span class='ocrx_word' id='word_1_201' title='bbox 801 3842 882 3888; x_wconf 90' lang='lat' dir='ltr'><strong>non</strong></span> <span class='ocrx_word' id='word_1_202' title='bbox 897 3817 1022 3888; x_wconf 88' lang='lat' dir='ltr'><strong>multo</strong></span> <span class='ocrx_word' id='word_1_203' title='bbox 1039 3832 1128 3914; x_wconf 88' lang='lat' dir='ltr'><strong>post</strong></span> <span class='ocrx_word' id='word_1_204' title='bbox 1145 3833 1284 3891; x_wconf 87' lang='lat' dir='ltr'><strong>tantam</strong></span> 
     </span>
     <span class='ocr_line' id='line_1_31' title="bbox 272 3933 1282 4035; baseline -0.006 -22"><span class='ocrx_word' id='word_1_205' title='bbox 272 3938 352 4013; x_wconf 84' lang='lat' dir='ltr'><strong>vini</strong></span> <span class='ocrx_word' id='word_1_206' title='bbox 372 3935 710 4035; x_wconf 79' lang='lat' dir='ltr'><strong>ingurgitationem</strong></span> <span class='ocrx_word' id='word_1_207' title='bbox 731 3949 912 4026; x_wconf 90' lang='lat' dir='ltr'><strong>mortuo,</strong></span> <span class='ocrx_word' id='word_1_208' title='bbox 939 3933 1133 4032; x_wconf 74' lang='lat' dir='ltr'><strong>ehyhlera</strong></span> <span class='ocrx_word' id='word_1_209' title='bbox 1164 3938 1282 4034; x_wconf 81' lang='lat' dir='ltr'><strong>aliqua</strong></span> 
     </span>
    </p>
   </div>
   <div class='ocr_carea' id='block_1_3' title="bbox 0 0 1396 5088">
    <p class='ocr_par' dir='ltr' id='par_1_4' title="bbox 0 0 1396 5088">
     <span class='ocr_line' id='line_1_32' title="bbox 0 0 1396 5088; baseline 0 4"><span class='ocrx_word' id='word_1_210' title='bbox 0 0 1396 5088; x_wconf 95' lang='lat' dir='ltr'><strong> </strong></span> 
     </span>
    </p>
   </div>
  </div>
 </body>
</html>
