2828 4652
321 409 413 482 '110
500 432 545 480 os
572 430 717 482 seorsus
742 433 787 481 er
810 429 936 484 causis
961 435 1172 492 nortorum

338 560 449 634 runt,
466 560 502 618 et
518 547 563 616 iis
575 544 827 642 quioderant,
838 548 1104 652 ostenderunt,
1123 559 1349 636 testimoniis

339 663 554 737 certissimis
571 663 694 736 statim
710 660 891 738 refellere.

386 781 445 870 46.
467 779 540 854 Sed
561 803 770 878 puerperas
794 780 920 856 morbi
943 809 1022 858 non
1052 789 1169 864 modo
1187 795 1344 886 celeres,

336 899 441 972 velut
459 899 491 972 is
507 896 648 994 dequo
666 899 868 972 novissime
886 899 1123 992 dictumest,
1146 926 1214 984 eut
1229 935 1345 1010 quom

335 1017 439 1116 apud
454 1015 499 1088 el.
519 1015 723 1088 Henricum
744 1015 974 1092 Sandonium
993 1022 1049 1118 (a)
1075 1051 1121 1098 ex
1142 1033 1347 1131 sesqmpal.

335 1141 434 1208 mari
446 1133 631 1233 parietum
652 1134 749 1206 uteri
769 1136 1037 1224 crassitudine,
1071 1143 1130 1214 rel
1150 1147 1286 1242 potius
1302 1175 1344 1222 er

336 1275 379 1325 ea
392 1277 475 1350 quae
496 1276 575 1327 non
592 1250 644 1322 ita
659 1275 763 1340 rara,
783 1253 860 1326 imo
884 1277 963 1330 non
983 1249 1205 1356 infrequens
1233 1288 1343 1339 causa

335 1384 407 1458 est,
426 1391 565 1466 nempe
588 1369 688 1446 uteri
713 1368 891 1466 spbacelo
921 1372 962 1446 in
990 1397 1068 1450 una
1088 1391 1202 1474 atque
1224 1381 1342 1458 altera

335 1487 567 1588 descriptum
580 1484 725 1560 videbis
743 1512 765 1560 a
781 1487 825 1562 ol.
840 1493 895 1562 Jo.
916 1473 1080 1568 ilenrico
1093 1495 1343 1597 Fucbsio(n);

335 1629 415 1680 non
428 1603 544 1676 modo
555 1605 750 1701 ,inquam,
762 1630 967 1704 puerperas
974 1609 1100 1688 morbi
1117 1612 1344 1705 celeres,re

332 1747 418 1794 rum
430 1723 542 1794 etiam
556 1719 648 1794 lenti
660 1723 906 1820 extinguunt:
919 1751 1201 1837 nonuunquam
1223 1734 1342 1836 longo

333 1856 421 1942 post
436 1855 586 1940 partum
605 1855 799 1939 tempore,
817 1843 895 1920 imo
909 1844 1033 1920 donec
1049 1849 1231 1941 riserint,
1245 1855 1342 1931 male

332 1959 484 2032 babent.
509 1961 560 2030 Ut
578 1958 679 2034 lenta
704 1957 817 2034 febris
844 1986 889 2036 ex
906 1965 1031 2055 testis,
1056 1968 1235 2068 tubaque
1251 1973 1340 2046 abs·

334 2077 441 2153 cessa
461 2101 688 2176 puerperam
703 2077 916 2168 abstulerit,
929 2081 1010 2156 aliis
1027 2109 1048 2156 a
1064 2111 1126 2158 me
1143 2087 1339 2188 litterisl3)

331 2182 511 2296 scriptum
525 2209 582 2268 est
594 2249 603 2284 ,
617 2211 899 2296 ostensumque
910 2201 1043 2291 simul,
1062 2206 1130 2302 qui
1148 2203 1339 2282 fiatinter·

329 2316 444 2402 dum,
460 2329 503 2385 ut
513 2312 562 2384 ab
580 2311 767 2386 laboriosa
785 2319 885 2390 uteri
896 2321 1123 2416 geennom,
1136 2340 1336 2425 ‘partuque

329 2429 472 2504 difficili
489 2454 541 2502 ets
556 2431 748 2527 particulae
770 2453 950 2532 magnum
974 2434 1247 2514 detrimentum
1276 2465 1337 2516 ca-

328 2551 445 2648 piant
469 2546 519 2618 Ut
541 2571 632 2618 vero
656 2547 825 2643 ejusdem
844 2554 1061 2648 gestationis
1090 2571 1267 2656 tempore
1288 2561 1335 2636 ab

328 2682 450 2755 utero,
462 2663 744 2762 visceribusque
756 2667 838 2740 aliis
851 2692 1123 2769 compressum,
1139 2680 1337 2774 eoqueali·

325 2781 766 2884 quandoinssammatum
782 2791 1029 2862 omentum'ru
1048 2790 1281 2894 oblongum,
1298 2813 1336 2870 et

323 2901 441 2974 ferme
463 2899 699 2974 skirrbosum
713 2917 905 2976 tumorem
922 2904 1205 3001 conformetur,
1226 2916 1295 3012 qui
1312 2941 1334 2988 e

280 3095 284 3116 f
322 3018 1195 3122 pertu‚utmibiquoqueoccurrit,innonmrllis
1204 3047 1330 3121 restet,

323 3161 462 3236 easque
479 3136 612 3208 dolore
626 3161 928 3240 nonnunquam,
942 3143 1188 3226 incommodo
1202 3163 1327 3224 autern

321 3257 450 3355 aliquo
475 3279 624 3354 semper
646 3253 782 3346 affici-t,
801 3260 1011 3358 Ruyscbius
1025 3263 1089 3362 ι(4)
1116 3264 1267 3357 docuit,
1293 3283 1330 3340 et

355 3627 401 3706 (r)
417 3627 549 3686 Observ.
563 3629 601 3692 de
614 3631 744 3706 prolaps.
761 3641 837 3689 uter.
852 3637 869 3705 ς
883 3641 920 3702 rt
932 3635 965 3692 in
976 3633 1029 3694 fin.

352 3741 397 3824 (a)
418 3747 485 3802 Aet.
502 3745 542 3802 N.
555 3746 592 3802 C.
606 3755 680 3804 tom.
700 3765 736 3817 a,
751 3746 816 3806 ebs.
833 3748 903 3818 146.

353 3859 398 3938 (3)
417 3860 512 3936 Epist.
528 3861 581 3930 46,
598 3881 629 3916 n.
646 3879 681 3932 27
695 3871 725 3917 et
740 3861 788 3918 as.

353 3975 398 4056 (1.)
418 3979 503 4036 Ceret·
520 3976 588 4036 obe.
603 3988 683 4038 aaut.
698 3975 773 4040 clais.
789 3976 838 4038 63.
