2854 4660
189 465 258 511 sis.
275 463 325 511 rr.
343 463 390 510 ns
407 459 543 510 notare
554 423 753 525 cernuas„
769 449 840 512 etc.
858 462 971 514 srrsr.
989 465 1022 512 ι.
1050 439 1121 516 315

113 564 445 676 busintegebatur.
459 577 642 650 Sedossea
658 575 827 672 subjecta
842 575 1010 663 durities,
1022 578 1122 651 etiir

113 693 559 768 missimacumclavicula
566 693 800 766 continuatio
808 691 1035 780 fecerunt,ut
1041 695 1122 790 ejus

114 811 386 885 dissertationis
406 813 553 884 veniret
570 811 611 882 in
626 825 789 884 mentem
802 864 812 897 ,
824 835 894 884 nec
918 813 998 884 sine
1021 833 1123 884 serra

113 945 208 1002 tunc
226 927 409 1016 adhibita,
421 929 657 1000 curationem
670 927 814 1006 absolvi
830 949 939 1026 posse
959 953 1125 1026 pronun-r

115 1049 255 1120 ciarem
270 1071 425 1144 :quam,
443 1061 487 1118 ut
502 1046 549 1118 de
567 1046 739 1146 periculo
753 1045 849 1118 nihii
859 1045 1040 1132 dicerem,
1050 1065 1122 1120 nee
1226 1095 1228 1102 ,

114 1163 259 1237 terrent
288 1163 435 1263 gracilis
462 1179 499 1236 et
527 1164 676 1236 delicati
713 1163 929 1262 corpusculi
965 1161 1123 1236 infirmat
1243 1237 1247 1252 ,

114 1284 234 1368 vires,
252 1305 324 1354 nee
349 1281 562 1354 admitteret
582 1305 697 1380 prava
717 1305 739 1354 a
763 1279 983 1380 primordiis
1001 1307 1125 1382 usque

114 1397 326 1472 humorum
345 1400 583 1472 constitutio:
605 1425 689 1500 quae
705 1402 832 1471 omnia
846 1401 901 1472 ilii
917 1401 1124 1500 praesertim

114 1519 185 1615 qui
203 1520 291 1616 aegri
305 1531 465 1592 matrem
487 1518 633 1590 nesine
652 1537 739 1590 meo
758 1519 993 1616 potissimum
1008 1519 1128 1592 consi·
1233 1532 1236 1542 “

113 1635 169 1707 lio
185 1635 396 1734 quidquam
418 1633 501 1708 fieri
526 1651 735 1734 pateretur,
764 1661 837 1735 pro
859 1655 926 1710 sua
949 1639 1036 1734 erga
1064 1659 1125 1708 ine

114 1753 300 1851 singulari
318 1751 552 1826 humanitate
570 1771 789 1841 monuerat,
810 1755 875 1825 Pio
890 1755 1048 1826 Nicoiao
1059 1758 1128 1828 Ga·

115 1870 227 1942 reiiio
241 1872 384 1968 Equiti,
396 1887 433 1944 et
444 1876 697 1944 caesareorum
712 1871 988 1946 archiatrorum
998 1872 1128 1946 comiti

117 1987 388 2076 meritissimo,
415 2011 485 2088 per
518 1989 660 2062 litteras
692 1987 935 2075 confirmavi,
963 1989 1128 2062 indicata

113 2106 238 2178 simui
251 2129 366 2203 quam
386 2106 550 2178 necdum
573 2107 734 2196 viderat,
752 2106 968 2204 Gedancnsi
983 2109 1129 2180 Disser-

117 2224 274 2295 tatione.
291 2227 424 2322 Itaque
441 2223 538 2296 nihil
554 2239 677 2296 actum
695 2240 774 2313 est,
793 2226 876 2323 ipso
896 2247 1068 2322 quoque,
1089 2240 1130 2298 ut
1226 2213 1229 2220 ’

118 2340 170 2412 ad
188 2365 247 2415 me
266 2343 478 2441 rescripsit,
503 2342 712 2442 probante,
728 2359 765 2416 et
791 2358 1004 2429 tumorem,
1032 2343 1130 2416 inter

118 2459 230 2534 initia
241 2458 313 2531 sibi
323 2476 534 2550 ostensum,
549 2461 723 2533 nondum
736 2461 813 2534 ulia
828 2463 991 2534 exterius
1004 2461 1130 2533 addita

121 2561 330 2648 humorum
343 2577 624 2652 subsistentium
636 2581 899 2678 congestione,
916 2603 1046 2651 revera
1056 2599 1131 2652 om-

119 2697 220 2778 nino
229 2719 396 2784 osseum,
410 2711 448 2768 et
461 2695 660 2794 manifesto
668 2697 898 2770 exciavicula
909 2701 988 2798 ipsa
1000 2695 1131 2788 fuisse,

119 2809 343 2884 affirmante.
373 2817 455 2906 Qua
482 2830 670 2887 structura
702 2817 817 2914 igitur
845 2816 1026 2888 exustosis
1053 2814 1132 2886 haec

123 2946 240 3016 esset,
258 2946 295 3002 et
312 2931 405 3028 qnid
422 2933 635 3006 contineret
651 2957 731 3004 non
748 2931 833 3004 vidi.
857 2930 944 3004 Vidi
962 2933 1000 3002 in
1017 2931 1133 3003 altera
1249 3027 1252 3036 Ι

123 3071 211 3146 quaa
229 3071 273 3120 ex
304 3049 401 3120 virili
432 3045 575 3120 femore
597 3047 799 3148 prostabat.
831 3053 887 3120 De
908 3073 982 3146 qua
1008 3050 1132 3146 prius-

124 3187 240 3262 quam
266 3161 450 3256 scribam,
481 3183 678 3238 occurram
698 3169 816 3240 tacitas
845 3167 1134 3264 interrogationi

122 3280 281 3380 quidam
300 3298 381 3354 tuas.
414 3285 515 3356 Scire
535 3284 637 3356 enirn
662 3283 789 3356 asebis
810 3283 878 3380 qui
902 3281 984 3354 fieri
1000 3283 1135 3381 possit,

121 3415 170 3471 ut
197 3400 431 3498 rigidissimas
444 3401 729 3500 durissimisque
757 3403 899 3492 ossium
927 3400 1072 3472 laminas
1093 3402 1132 3472 in

123 3531 316 3591 exostoses
328 3517 426 3590 adeo
440 3539 479 3591 se
491 3519 704 3592 extendant.

124 3669 128 3678 ·
177 3633 234 3732 59
259 3633 379 3734 Igitur
394 3635 561 3734 primurn
587 3633 644 3709 fac
668 3659 800 3708 eorum
822 3637 1038 3709 memineris
1054 3659 1136 3732 quas

123 3775 243 3850 supra
264 3753 319 3848 (ι)
336 3777 381 3824 ex
398 3753 563 3852 quodam
582 3755 761 3827 Vaisalvae
782 3778 965 3852 responso
988 3753 1134 3850 prolata

167 4021 212 4104 (1)
233 4025 274 4084 n.
299 4026 345 4085 η.
