2854 4660
213 497 280 545 un.
298 497 347 545 Π.
366 499 411 546 ΠΕ
425 495 560 544 nonnis
574 495 771 555 Cffllifflffl„
791 489 860 544 eiC-
880 499 992 546 nrlsr.
1009 500 1057 546 Lt.
1087 474 1164 568 389

146 615 216 711 qui
238 613 349 684 ambo
370 611 574 701 rubebant,
602 612 709 683 nullo
730 613 847 684 ruodo
872 612 1077 710 parietibus
1094 614 1160 686 ad.-.
1196 703 1199 708 ι

97 763 100 774 ’
145 729 341 804 haerentes.
358 729 611 804 Pericardium
628 729 737 818 nihil,
753 746 816 802 ant
836 734 1159 828 parumserimor·

148 847 207 919 dis
226 848 427 920 ventriculi
443 848 679 945 aliquantum
698 851 891 948 sanguinis
910 851 1096 948 spumosi,
1122 867 1160 924 et

107 1059 110 1064 Ι
147 965 257 1038 ssuidi
270 965 526 1039 continebant.

59 1142 61 1146 v
143 1128 152 1134 -
198 1071 719 1170 51.Viralter,annorumad
739 1085 1158 1184 quinquagintamcur-

148 1218 257 1274 rente
292 1199 482 1274 effraenato
511 1228 612 1300 equo
632 1227 854 1302 percussus,
891 1219 928 1275 et
949 1204 996 1274 ad
1020 1219 1160 1295 terram
1185 1271 1189 1278 ,

147 1318 365 1392 afflictusco
383 1321 528 1418 impetu
545 1335 619 1405 est,
643 1317 685 1391 ut
702 1345 787 1392 cum
808 1321 855 1392 ad
875 1322 1159 1420 lapidem'occi-

146 1439 284 1536 pitium
302 1437 433 1520 allisit,
464 1435 570 1510 fracti
603 1441 696 1510 ossis
716 1443 891 1536 *crepitus
920 1439 1071 1512 auditus
1099 1441 1159 1512 sit.

147 1558 317 1627 Primum
334 1557 601 1630 semimortuus
615 1557 754 1652 jacuit:
780 1557 892 1655 paulo
917 1576 1019 1655 post,
1041 1556 1158 1632 verba

147 1674 350 1763 nonnulla3
368 1674 432 1746 sed
455 1699 537 1772 quae
563 1676 623 1744 vix
645 1689 852 1772 potuerunt
866 1674 1051 1773 intelligi,
1070 1700 1156 1773 pro·

145 1793 246 1866 ferre
277 1809 433 1864 conatus
465 1808 530 1864 est.
552 1797 603 1864 Ex
630 1817 720 1864 aure
738 1793 958 1880 dextera,·e
981 1794 1160 1885 naribuS,¹

147 1937 194 1984 ex
217 1936 284 1982 ore
303 1911 524 2008 sanguinem
551 1907 792 1994 effundebat,
830 1912 937 2006 cujus
964 1913 1003 1982 in
1032 1909 1158 1982 fauces

147 2027 327 2102 confluxu
346 2027 625 2126 propemodum
648 2025 824 2100 suffocari
845 2026 1052 2098 videbatur.
1081 2031 1157 2098 Vo·

147 2149 247 2218 mitu
261 2149 373 2236 etiarn
391 2161 554 2218 tentatus
569 2161 641 2218 est:
662 2147 729 2242 qui
754 2171 841 2216 mox
858 2169 901 2216 ca
920 2143 1157 2216 vehementia

146 2265 280 2350 rediit,
309 2278 352 2334 ut
375 2263 539 2334 animam
564 2287 673 2361 agere
703 2259 930 2333 crederetur.
962 2257 1158 2332 Semihora
1259 2344 1260 2353 ἵ

116 2477 121 2480 ῃ
147 2397 274 2454 autem
296 2396 579 2468 acasuexacta,
600 2380 747 2452 nullum
768 2379 928 2476 amplius
954 2377 1084 2449 sensus
1101 2379 1154 2448 in·

147 2481 288 2572 dicium
304 2497 427 2586 dedit,
457 2514 497 2570 ut
514 2523 638 2596 neque
657 2513 803 2586 motus,
823 2498 895 2568 nisi
913 2495 1018 2594 quod
1040 2495 1155 2568 semel

147 2633 214 2691 aut
233 2619 369 2691 iterum
393 2634 504 2717 caput
520 2618 723 2716 quassavit,
742 2631 778 2688 et
796 2615 901 2714 quod
918 2615 1079 2686 naturali
1098 2613 1156 2684 ad·

146 2735 225 2806 huc
238 2737 483 2834 respiratione
496 2735 683 2808 utebatur.
697 2736 824 2806 Facies.
838 2733 1027 2806 interdum
1050 2733 1156 2802 lives-

148 2853 285 2944 cebat,
318 2852 382 2926 sed
427 2853 653 2951 plerumque
691 2869 770 2924 erat
801 2851 952 2951 pallida.
982 2852 1157 2946 Denique

147 2971 257 3042 horis
283 2973 417 3068 elapsis
441 2971 663 3054 duodecim,
685 2970 791 3042 tarde
816 2972 999 3068 respirare
1020 2969 1155 3063 coe·pit;

148 3101 219 3172 ut,
251 3089 406 3184 siquod
440 3087 519 3160 aliis
556 3088 725 3164 accidere
761 3087 855 3160 solet
883 3084 1157 3166 attenderetur,

155 3204 261 3276 credi
278 3219 403 3303 posset
423 3204 526 3278 ,intra
545 3229 664 3302 pauca
686 3205 867 3300 temporis
895 3215 1085 3272 momenta
1102 3201 1159 3271 in-

152 3322 344 3398 teritums.
364 3327 448 3420 Ipse
463 3335 588 3398 tamen
604 3321 696 3392 duas
711 3320 826 3392 horas
844 3345 928 3392 cnm
945 3345 986 3390 ea
1005 3319 1159 3415 respira-

149 3439 380 3512 tionevitam
397 3438 566 3526 trahens,
583 3437 678 3508 hora
695 3435 788 3508 obiit
802 3462 822 3506 a
843 3438 975 3533 capitis
992 3435 1173 3508 allisione.

151 3555 297 3630 decima
314 3571 459 3652 quarta.

204 3671 392 3762 Medium,
405 3672 470 3744 sed
483 3673 595 3770 paulo
609 3688 732 3746 tamen
752 3672 963 3758 dexterius„
974 3669 1158 3742 diffissum

153 3805 236 3868 erat
253 3815 296 3864 os
314 3791 483 3888 occipitis
498 3791 659 3887 ingenti,
680 3807 716 3862 et
733 3791 805 3861 lata
821 3790 975 3877 fissura,
991 3815 1073 3886 quae
1091 3813 1158 3885 per

153 3908 240 4006 ejus
258 3906 377 3980 hasim
396 3907 443 3978 ad
461 3933 639 4006 magnum
667 3905 836 3978 foramen
861 3906 1045 4004 producta
1061 3905 1163 3993 ,hoc

155 4025 315 4126 oblique
340 4051 491 4117 secans,
512 4025 559 4098 ad
578 4040 773 4122 petrosum
797 4049 915 4124 usque
941 4047 1161 4123 processum
