2828 4652
506 409 515 446 O

141 489 214 533 crs.
228 484 277 532 ιν.
290 487 336 532 nn
347 484 483 532 moerus
493 483 668 532 cmnonc.
682 476 769 549 ‚eto
780 483 891 532 erusr.
901 487 998 532 xux.
1031 463 1097 560 187

89 602 203 673 criter
229 613 355 682 autem
371 595 525 670 firmum
541 599 581 668 in
595 599 659 669 illa
673 595 829 685 femina,
855 623 978 698 eoque
997 602 1099 690 viro,

89 721 179 790 etin
197 716 278 788 hoc
303 731 404 790 certe
422 741 511 788 cum
539 741 622 789 sero
646 717 773 814 potius
799 741 944 816 pauco,
978 741 1101 816 eoque

90 835 273 908 subflavo.
292 836 379 925 Quo
396 835 559 922 etiamin
572 835 655 906 viro
671 835 827 924 eccidit,
843 851 886 908 ut
905 861 991 908 cum
1007 835 1101 908 odo·

90 977 169 1026 rem
183 953 295 1024 illum
313 965 445 1050 quarta
464 977 484 1023 a
505 953 683 1024 missione
704 954 896 1052 sanguinis
914 953 1010 1028 bora
1025 955 1103 1026 ani·

91 1071 506 1168 maduertissem3’p0st
532 1071 621 1144 alias
649 1086 792 1169 septem
822 1073 1018 1172 percipere
1038 1073 1101 1144 vix

27 1229 29 1234 v
93 1215 238 1288 possem
251 1245 262 1280 ‚
281 1215 361 1262 non
374 1189 539 1262 obscuro
551 1190 692 1262 indicio
705 1245 714 1278 ‚
729 1187 841 1263 fuisse
856 1192 937 1289 ejus
951 1215 1101 1264 causam

92 1309 128 1378 iu
147 1309 387 1408 corpusculis
411 1305 555 1380 facilius
575 1307 830 1399 avolantibus,
849 1333 964 1408 quam
985 1333 1005 1380 a
1030 1333 1101 1402 ces*

92 1442 260 1498 terorum
280 1426 480 1526 sanguine,
497 1425 536 1498 in
552 1425 867 1524 quopostdecem
882 1424 1101 1498 autduode-

95 1546 161 1616 cim
169 1545 288 1618 horas
301 1547 490 1644 vigentem
504 1569 760 1644 perceperam.
775 1549 852 1618 Nec
860 1545 900 1616 in
915 1547 961 1618 iis
977 1545 1101 1619 solum

96 1662 137 1735 de
154 1663 296 1762 quibus
310 1663 517 1750 indicatum
531 1679 597 1736 est.
621 1665 716 1735 Nem
728 1663 790 1755 vel·
804 1663 871 1736 ubi
884 1663 988 1735 nulla
1003 1678 1101 1738 esset

95 1778 220 1872 febris,
241 1785 347 1856 utin
369 1797 588 1855 recurrente
618 1781 756 1854 acerbo
785 1783 916 1881 capitis
947 1779 1099 1871 dolore,

97 1899 257 2000 itemque
277 1915 320 1974 ut
341 1902 381 1971 in
397 1900 535 1990 scabie,
553 1901 655 1973 idem
672 1901 864 2000 sanguinis
882 1915 961 1973 erat
981 1899 1099 1990 odor,

98 2017 256 2113 plurimo
281 2043 366 2092 sero
389 2017 536 2118 praediti
561 2020 705 2090 circum
726 2033 1019 2091 cressementum
1044 2034 1102 2090 te⁴
1181 2039 1183 2050 ¹

98 2139 174 2208 naci
191 2139 360 2210 crustula
378 2137 610 2226 obductum,
623 2139 662 2208 in
680 2137 746 2208 illo
762 2151 889 2208 tamen
907 2139 969 2208 cui
986 2149 1102 2234 caput

100 2253 260 2348 dolebat,
287 2258 439 2329 nonita
461 2255 616 2344 durum,
638 2271 676 2327 et
703 2258 870 2354 nigrum,
890 2270 931 2326 ut
955 2256 995 2325 in
1022 2279 1100 2327 sca·

98 2369 212 2466 bios03
228 2399 450 2476 quanquam
459 2391 620 2472 uterque
633 2374 826 2448 ¹scabiosus
838 2387 927 2483 erat.
941 2376 996 2445 Ne
1008 2397 1099 2446 vero

101 2496 312 2591 sanguinem
337 2507 447 2593 putes
473 2493 513 2563 in
537 2492 716 2566 scabiosis
744 2490 922 2568 omnibus
950 2491 1099 2566 acidum

100 2607 211 2699 olere;
226 2615 268 2684 in
289 2611 370 2684 aliis
393 2635 472 2683 non
492 2612 606 2700 oluit,
624 2627 666 2684 ut
680 2635 805 2710 neque
822 2613 862 2681 in
886 2612 968 2682 viro
988 2608 1100 2682 nobi-

100 2721 231 2799 lissimo
255 2753 371 2828 quem
400 2729 562 2800 erodens
589 2745 712 2802 cutem
738 2743 905 2802 crustose
926 2725 1097 2816 affectio,

101 2841 299 2919 introrsum
317 2863 458 2919 temere
478 2847 522 2919 iis
537 2847 669 2918 diebus
689 2848 855 2946 repulsa,
873 2847 969 2918 male
989 2845 1100 2918 babe-

101 2955 177 3048 bat,
192 2959 454 3066 sanguinesub
465 2965 669 3037 lentissima
681 2990 800 3037 crassa
812 2965 910 3065 pelle
923 2963 1098 3038 diffluens

104 3099 386 3158 crassamentum
405 3081 579 3154 habente.
600 3084 701 3174 Quin
716 3081 771 3152 itti
783 3082 906 3154 eidem
926 3081 1097 3154 scabioso

104 3195 199 3289 cujus
223 3201 393 3274 secundo
414 3201 499 3272 loco
522 3201 698 3288 memini,
734 3225 820 3272 cum
846 3215 942 3272 esset
965 3213 1100 3298 quater

104 3309 192 3385 intra
213 3321 384 3418 quinque
400 3343 549 3390 menses
568 3319 717 3416 sanguis
739 3320 928 3427 emissus,¹
949 3341 994 3388 ex
1023 3315 1099 3388 hoc

106 3431 222 3506 acidus
235 3439 331 3510 odor
343 3439 482 3510 exstitit
502 3463 580 3507 non
593 3438 664 3508 nisi
677 3435 801 3508 semel.
821 3435 893 3507 Sed
912 3433 1100 3531 ejusmodi

108 3555 286 3648 sauguinis
301 3556 403 3628 baud
419 3558 470 3628 ita
484 3581 628 3642 raram,
650 3571 693 3625 ut
716 3554 838 3652 videS,
859 3551 1099 3627 affectionem

107 3663 302 3764 mittamus,
320 3689 363 3746 ut
377 3674 498 3746 multo
511 3675 714 3760 rariorem,
741 3697 823 3770 quae
842 3673 982 3746 Patavii
1000 3693 1100 3746 auno

108 3776 246 3861 abhinc
265 3791 428 3880 decimo,
456 3817 536 3864 non
561 3789 796 3881 olfaciendo,
814 3787 881 3862 scd
908 3789 1101 3888 tangendo

108 3915 273 4002 percepta
289 3926 360 4000 est,
378 3910 672 3982 consideremus.

155 4019 411 4103 26.Catharina
421 4033 458 4101 B.
472 4029 624 4104 bonesti
637 4029 709 4102 viri
719 4026 875 4126 tosephi
885 4031 927 4097 tt.
943 4025 1102 4101 honesto
