2828 4652
295 417 362 491 132
412 473 415 476 -
457 439 504 488 ns
530 435 676 486 sturnus
701 437 746 486 rr
770 435 895 500 etune
921 399 1133 489 uonaoauu

290 557 350 630 tiae
363 554 485 652 specie
499 551 705 640 multoties,
726 565 763 624 et
792 557 929 652 saepius
950 551 1056 624 hunc
1084 551 1297 630 effectuma

289 674 467 748 sevisum
489 669 651 742 dixisset.
669 673 813 742 Verum
832 693 881 742 ne
900 693 1162 769 quascumque
1183 697 1297 774 supra

287 792 367 890 ipse
382 787 546 888 produxi
564 803 870 860 monstrosorum
887 784 1048 862 foetuum
1067 790 1297 866 observatio·

279 933 380 1006 nes,
406 931 468 981 eas
496 930 630 980 omnes
654 905 701 978 ad
728 905 893 1004 partium
923 903 1114 980 desectum
1140 909 1298 983 attinere

279 1026 410 1124 ‘dicas;
435 1023 640 1096 nonnullas
666 1022 803 1096 addam
824 1047 906 1121 quae
929 1024 990 1097 vel
1017 1048 1107 1096 cum
1132 1027 1296 1124 partium

286 1148 455 1239 delectu,
473 1147 533 1220 vel
548 1148 627 1220 sine
642 1146 755 1220 ullius
766 1143 918 1245 defectu
927 1163 1081 1222 auctum
1091 1173 1297 1224 numerum

284 1264 536 1368 quarumdam
563 1263 754 1338 exhibent.
781 1268 905 1358 Quam
929 1265 1031 1338 misit
1050 1265 1098 1338 ad
1119 1291 1182 1340 me
1206 1269 1297 1341 olim

285 1384 607 1473 consultissimus,
629 1407 716 1456 curn
737 1384 897 1472 viveret,
922 1382 1093 1458 medicus
1111 1383 1297 1459 Sebastia-

277 1497 641 1594 ,nusTrombellium
660 1515 794 1598 praeter
820 1499 860 1570 id
880 1498 928 1572 de
949 1525 1028 1598 quo
1052 1499 1169 1574 modo
1192 1501 1294 1576 dice·

283 1619 443 1710 bamus,
459 1617 673 1692 abdominis
690 1618 842 1706 vitium,
870 1643 1047 1717 magnam
1065 1616 1221 1693 infantis
1240 1622 1296 1712 al-

287 1740 404 1813 terius
416 1753 564 1837 partem
579 1737 688 1810 alteri
705 1752 788 1808 turn
809 1737 974 1844 exterius
993 1735 1194 1836 adratum,
1214 1753 1297 1812 tum

286 1837 447 1930 ibterius
462 1855 663 1928 admistam
691 1853 935 1942 describens,
955 1851 1031 1926 huc
1048 1853 1297 1930 libentissime

286 1971 487 2064 afferrem,
514 1973 588 2046 nisi
612 1971 838 2045 Vallisnerio
871 1985 1005 2044 nostro
1038 1969 1245 2064 dedissem,
1271 1999 1295 2046 a

285 2117 364 2192 quo
389 2093 430 2164 in
452 2089 554 2165 calce
584 2087 835 2164 elaborante
861 2090 1106 2188 generatione
1133 2091 1296 2163 volumi-

283 2212 344 2284 nis
366 2209 425 2309 (ι)
444 2208 544 2282 edita
563 2223 628 2282 est.
653 2205 844 2280 Proferam
867 2207 1026 2280 alteram
1050 2233 1126 2306 qua
1147 2224 1297 2282 utrum-

282 2353 359 2426 que
376 2327 503 2424 aliqua
523 2351 569 2398 ex
587 2340 694 2424 parte
720 2326 854 2398 vitium
879 2324 1066 2398 Mediavia
1087 2350 1196 2400 meus
1222 2327 1298 2400 ani-

284 2442 496 2516 madvertit.

337 2558 393 2633 55.
413 2557 541 2632 Infans
558 2560 698 2632 Patavii
723 2575 834 2633 natus
857 2568 913 2634 est
934 2559 1005 2633 sub
1035 2561 1187 2633 initium
1208 2562 1295 2659 julii

284 2679 376 2752 anni
389 2676 500 2775 1736,
511 2702 557 2750 ex
574 2701 617 2749 ea
628 2692 784 2776 parente
797 2701 879 2775 quae
894 2701 1005 2750 sanos
1018 2678 1132 2768 alios,
1147 2679 1296 2754 vitales·

284 2820 360 2894 que
375 2809 413 2867 et
430 2809 540 2868 antea
554 2793 738 2884 ediderat,
757 2809 794 2867 et
804 2810 892 2893 post
905 2793 1033 2867 edidit.
1048 2797 1144 2868 Huic
1157 2795 1294 2870 infanti

283 2938 423 3004 unum,
436 2914 467 2986 si
479 2913 681 3012 aspiceres,
700 2927 780 2986 erat
791 2914 923 2984 vitium
935 2965 945 3003 ,
957 2928 1104 3004 tumor,
1117 2938 1295 3013 pugnum

111 3021 115 3030 ’
186 3091 187 3094 ,
284 3055 455 3130 aequanS,
479 3031 519 3102 in
543 3055 585 3103 ea
603 3029 817 3102 abdominis
839 3031 994 3129 regione
1012 3055 1093 3128 quae
1111 3056 1133 3102 a
1150 3030 1295 3106 dextris

282 3148 469 3237 umbilici,
483 3162 521 3220 et
534 3148 689 3246 paululo
707 3172 820 3246 supra
836 3149 963 3246 ipsum
979 3163 1046 3220 est.
1064 3147 1199 3221 Nudus
1213 3166 1295 3223 erat

283 3281 412 3338 tumor
425 3289 446 3336 a
461 3280 568 3354 cute,
583 3289 665 3363 quae
677 3265 923 3336 circumcirca
930 3266 970 3336 in
979 3264 1140 3337 limbum
1151 3266 1296 3341 elevata

283 3383 545 3484 prominulum
571 3380 793 3472 desinebat3
816 3386 954 3456 Boscus
972 3383 1025 3480 (a)
1053 3384 1119 3480 qui
1138 3383 1218 3456 haec
1243 3385 1293 3458 ab

283 3501 412 3574 ulcere
427 3498 510 3570 fieri
521 3500 561 3570 in
574 3500 744 3570 animum
759 3497 979 3595 induxerat,
999 3500 1213 3574 cicatricem
1231 3527 1294 3574 vo·

284 3631 418 3708 casset,
433 3615 757 3714 quemadmodum
768 3639 902 3690 vocare
918 3632 962 3690 tu
976 3641 1130 3716 quoque
1147 3621 1294 3718 poteris

326 3901 369 3981 (ι)
389 3905 422 3959 P.
438 3903 471 3974 3,
488 3921 512 3959 c.
530 3897 565 3972 5,
583 3911 611 3956 et
624 3899 686 3955 tab.
704 3899 812 3972 3,4et
827 3897 854 3960 5.

323 4001 368 4084 (a)
387 4005 469 4061 Lect.
490 4021 501 4060 1
515 4001 607 4077 paulo
622 4010 691 4060 aute
703 3998 753 4058 cit.
