2816 5282
327 475 398 550 586
493 501 540 546 ne
566 498 711 547 senruos
737 497 780 546 nr
806 495 930 548 crosrs
956 497 1162 548 moerorum

198 655 208 672 ι
325 627 431 701 sent,
448 614 654 710 praesertim
670 609 1074 710 adpraeuordia,ubiis
1085 613 1305 711 multomagis

325 743 578 804 concreverat.

375 845 432 920 ³6.
454 849 522 918 Vir
549 847 819 934 aiter‚anr1um
850 848 926 944 jam
956 853 1071 946 agens
1102 847 1305 947 quadragesi·

324 987 429 1038 mum
451 981 615 1052 sextum,
636 965 793 1038 cadente
816 965 920 1063 ligno
943 990 963 1036 a
982 977 1091 1065 tergo
1113 967 1302 1064 percutitur.

323 1084 418 1156 Inde
434 1085 473 1154 in
488 1081 662 1156 cruribus
676 1081 854 1154 movendi
869 1080 1025 1156 facultas
1042 1084 1201 1155 omnino
1216 1083 1304 1182 perit,

324 1199 510 1302 sentiendi
533 1215 714 1274 remanet.
737 1201 818 1274 Alvi
845 1215 1081 1275 recrementa
1106 1217 1235 1300 praeter
1256 1223 1305 1268 vo·
1371 1271 1372 1294 p

324 1316 525 1407 luntatem,
548 1319 682 1390 lorium
714 1317 915 1390 catheteris
940 1315 1125 1392 duntaxat
1155 1343 1223 1418 ope
1245 1315 1305 1388 red·
1371 1295 1372 1352 ἶ

324 1437 442 1520 ditur,
469 1435 574 1534 quod
598 1435 669 1508 sub
706 1435 831 1508 morbi
867 1433 1000 1524 finem,
1029 1438 1193 1509 naturali
1220 1449 1305 1507 exuto

324 1553 474 1640 colore,
491 1577 626 1651 aquarn
646 1551 832 1626 referebat
849 1555 888 1624 in
907 1576 981 1653 qua
1002 1576 1092 1626 caro
1114 1577 1240 1628 recens
1252 1551 1306 1622 lota

324 1688 389 1745 est.
405 1675 448 1742 In
466 1695 642 1771 percussa
652 1671 871 1742 lumborum
887 1688 993 1770 parte
1008 1674 1072 1744 vix
1087 1674 1199 1744 dolor
1214 1668 1306 1770 perci·
1371 1675 1372 1710 r

322 1789 506 1890 piebatur.
527 1793 581 1861 lta
595 1787 773 1889 paulatim
792 1785 1031 1862 deficientem
1054 1810 1162 1862 mors
1186 1785 1307 1862 sustulit
1371 1785 1372 1792 ’

324 1907 384 1981 die
404 1907 551 1981 decimo
579 1922 726 2007 quarto.
747 1907 948 1980 Cadaveris
978 1923 1137 1980 externa
1166 1905 1305 1980 membra

328 2027 407 2099 laxa
422 2043 548 2114 erant,
568 2041 604 2099 et
620 2025 727 2098 facile
747 2025 912 2098 mobilia.
944 2029 1088 2100 Ventre
1109 2041 1249 2127 aperto,
1266 2025 1306 2093 iu·

327 2145 461 2218 testina
491 2145 667 2242 plurimis
688 2145 727 2216 in
745 2145 841 2218 locis
856 2169 935 2216 non
955 2145 1028 2217 levi
1053 2145 1194 2220 insecta
1211 2146 1305 2240 nigre·

323 2261 410 2334 dine
423 2279 572 2361 reperta
588 2278 696 2350 sunt,
721 2288 795 2360 qua
823 2263 924 2336 laesas
943 2279 1070 2361 partes
1101 2261 1302 2363 spectabant.
1370 2307 1371 2316 ἦ

321 2383 492 2478 Namque
513 2379 643 2452 eadem
672 2380 830 2479 nigredo
862 2405 932 2480 per
961 2396 1081 2452 totam
1108 2381 1305 2464 iliacam‚et

234 2487 240 2498 ⁸
322 2497 533 2568 lumbarem
552 2499 746 2595 regionem
760 2497 1053 2588 extendebatur,
1068 2515 1116 2572 ut
1136 2499 1271 2598 sanguis
1279 2494 1305 2561 in

323 2615 451 2704 earum
484 2613 648 2710 partium
678 2615 887 2686 interstitiis
920 2630 1126 2688 concretus
1155 2612 1305 2713 quodam·

204 2801 211 2814 ,
322 2728 438 2800 modo
458 2746 665 2832 appareret.
693 2735 784 2804 Lien
806 2753 962 2830 quoque
982 2733 1142 2806 dimidia
1163 2741 1303 2829 exparte

320 2848 626 2945 praetermodum
647 2849 796 2922 livebat.
819 2854 1013 2950 Denique,
1032 2867 1073 2924 ut
1091 2851 1216 2924 morbi
1226 2850 1305 2945 signa

322 2982 717 3064 praemonstraverant‚
745 2965 860 3041 fracta
881 2969 1054 3042 vertebra
1068 2959 1305 3041 flumbarisiu·

322 3099 431 3156 venta
444 3099 499 3156 est
511 3085 726 3172 ‚nonnullis
743 3087 858 3159 osseis
872 3084 1092 3186 fragmentis
1109 3109 1155 3160 ex
1171 3111 1210 3158 ea
1226 3101 1306 3156 cons·

320 3203 453 3301 picuis.
469 3205 513 3273 In
525 3201 679 3276 thorace
696 3204 901 3304 pulmones
925 3203 1082 3278 maculis
1103 3199 1305 3306 quibusdam

321 3319 440 3416 nigris
459 3313 644 3408 distincti,
664 3345 685 3391 a
711 3336 818 3420 tergo
845 3337 994 3412 autem,
1016 3325 1168 3422 sinister
1184 3337 1306 3421 praser

207 3436 211 3450 '
320 3437 387 3506 tim
403 3437 441 3504 in
461 3453 566 3534 parte
580 3433 779 3528 inferiore,
791 3439 967 3512 nonnihil
980 3439 1305 3529 inflammatione

321 3577 396 3651 que
412 3551 535 3624 cordis
557 3554 788 3628 ventricosus
801 3559 1024 3656 polyposam
1035 3556 1171 3630 habuit
1185 3571 1306 3628 coucre
1368 3587 1369 3654 p

320 3670 487 3759 tionem,
507 3670 571 3742 sed
593 3671 723 3744 dexter
742 3674 949 3772 majorem:
970 3673 1049 3746 haec
1066 3675 1304 3774 pulmonarem

324 3785 475 3858 subibat
484 3789 671 3860 arteriam.

372 3908 554 3977 Caeterum
580 3907 729 4004 sanguis
755 3909 923 4014 inomni
949 3905 1025 3982 fere
1057 3909 1165 4010 pa'rte
1195 3898 1305 3978 fluidus

323 4015 403 4092 suit.
