2812 4656
200 453 203 458 ¹
226 493 295 540 ma.
312 491 367 564 ιν..
383 493 427 539 ur
444 491 581 540 uonms
597 489 796 558 cerauno„
809 485 879 541 etc.
897 492 1009 543 rrtsr.
1028 497 1061 545 c.
1091 485 1159 573 ²77

149 608 248 696 vidi,
264 609 332 706 qui
352 620 445 678 tunc
473 607 567 696 orti,
587 608 628 678 iu
655 631 835 678 cancrum
860 608 1162 708 degenerarunt)

151 727 222 797 etsi
247 722 439 796 Fabricius
456 727 612 818 noster(
618 722 652 819 1)
668 749 775 794 raro·
790 725 930 798 vidisse
947 751 986 797 se
1005 727 1164 820 scribat,

151 848 221 941 qui
229 847 367 914 *cancri
379 855 558 912 naturam
572 843 800 934 consuerint
811 843 983 916 stimulati
990 873 1004 931 ;
1016 861 1163 936 tamen,
1244 827 1250 845 i

151 975 196 1032 ut
212 959 292 1031 aliis
307 959 471 1047 omissis,
486 981 608 1029 unum
632 958 1092 1034 LudovicumMercatum
1106 963 1164 1061 (a)

150 1077 352 1176 inspicias;
381 1077 467 1148 satis
502 1099 694 1173 superque
727 1075 932 1175 intelliges,
963 1095 1058 1180 quot
1093 1081 1166 1153 alia

152 1209 360 1266 occurrant
377 1195 416 1264 in
434 1193 607 1264 mammis
618 1204 809 1266 tumorum
823 1219 961 1292 genera
974 1222 1057 1296 quae
1076 1223 1167 1269 can·

152 1337 260 1385 crum
283 1337 362 1383 non
379 1312 623 1404 aemulentur„
634 1311 706 1383 Sed
724 1326 761 1384 et
775 1328 911 1410 praeter
923 1341 966 1388 ea
986 1341 1069 1414 quae
1085 1315 1165 1413 ipse

152 1427 353 1519 describit,
383 1430 453 1500 alia
475 1443 582 1517 sunt,
609 1429 711 1500 velut
737 1429 812 1502 hoc
826 1455 852 1502 ‘a
876 1435 998 1503 mein
1020 1435 1166 1504 Veneta

150 1548 299 1646 virgine
319 1546 561 1620 observatum
579 1571 699 1618 annos
715 1561 803 1619 nata
824 1546 871 1620 ad
901 1547 1164 1649 quadraginta.

152 1665 199 1736 Ei
211 1689 297 1736 cum
313 1664 498 1737 menstrui
517 1664 709 1763 sanguinis
730 1665 1006 1740 cursusdiebus
1022 1667 1168 1765 aliquot

151 1780 301 1855 tardius
312 1780 535 1881 incipiebat,
554 1797 683 1852 tumor
702 1804 775 1854 ovo
791 1783 1167 1882 columbinomajor,

138 1889 234 1972 ¹nou
251 1899 464 1998 inaequalis,
500 1924 571 1971 nec
602 1901 697 1971 cutis
712 1895 889 1972 ‘colorem
910 1918 1082 1992 mutans,
1105 1901 1170 1976 sed

152 2017 397 2107 durissimus,
413 2032 449 2090 et
466 2019 506 2088 in
525 2017 690 2116 proximi
709 2016 855 2090 brachii
875 2019 1041 2093 motibus
1058 2020 1168 2098 dolo·
1208 2025 1213 2034 '

151 2159 412 2224 rem-creans,
446 2158 642 2206 uonraro
672 2137 778 2208 nasci
806 2135 952 2208 solebat
983 2137 1023 2207 in
1049 2137 1167 2209 altera

155 2278 344 2342 mamma,
361 2278 481 2351 eaque
502 2253 670 2341 sinistra,
688 2269 731 2325 ut
744 2256 774 2326 si
793 2269 909 2326 totam
926 2271 1168 2352 occupasset,

154 2374 219 2444 vix
233 2370 443 2470 quidquam
463 2369 681 2468 discrepans
696 2369 817 2443 videri
835 2373 1021 2470 potuisset
1040 2371 1087 2444 ab
1102 2372 1168 2443 ali·
1265 2387 1266 2396 ’

154 2514 235 2590 quo
252 2513 386 2562 eorum
406 2488 472 2586 qui
489 2491 612 2585 primo
628 2488 715 2559 loco
732 2493 933 2562 aMercato
952 2488 1170 2564 describun-
1205 2539 1207 2544 -

154 2625 233 2684 tur.
252 2608 323 2680 Sed
348 2631 473 2703 neque
501 2621 580 2678 erat
604 2605 762 2676 omnino
790 2605 870 2703 ejus
901 2607 1031 2680 similis
1051 2631 1167 2705 quem

156 2707 561 2828 glandulosumvocat‚¹
576 2739 618 2794 ut
636 2725 704 2822 qui
722 2748 802 2795 non
813 2723 929 2796 modo
941 2726 980 2796 in
995 2726 1168 2823 parvulas

153 2870 236 2918 non
253 2843 450 2916 secabatur
466 2842 766 2932 extuberantias3
787 2842 853 2914 sed
871 2869 959 2916 mor
977 2841 1169 2941 prodeun-

156 2963 261 3036 tibus
272 2943 497 3050 menstruis,
516 2961 623 3031 nullo
641 2959 815 3058 pracsidio
835 2960 1027 3050 adhibito,
1048 2961 1169 3033 nullo-

157 3105 234 3180 que
255 3081 313 3152 sui
329 3079 461 3150 relicto
480 3079 657 3176 vestigio,
692 3077 835 3150 nedum
859 3077 1032 3152 celeri-ter
1058 3076 1168 3150 detu-

148 3197 351 3280 ¹mescebat
363 3249 372 3285 ,
384 3217 517 3284 rerum
529 3197 680 3293 penitus
696 3193 832 3267 abibat.

210 3321 268 3404 40.
285 3319 380 3386 Sunt
400 3339 491 3411 uero
507 3327 544 3385 et
562 3328 732 3387 tumores
762 3317 829 3411 qui
859 3315 959 3384 intra
987 3336 1169 3386 mammas

157 3431 1171 3532 innascuntur,quae‚instantemenstruapurgatione5

158 3551 328 3626 molestis
346 3547 583 3622 tensionibus
594 3548 768 3620 obnoxia·
780 3573 859 3622 esse
880 3561 1169 3621 consueverunt

124 3650 127 3654 ⁵
156 3667 305 3755 lidori,
322 3667 415 3738 etin
434 3664 618 3762 quosdam
637 3667 743 3763 quasi
763 3662 1090 3753 nodos-distincti,
1107 3677 1172 3736 aut

199 3952 246 4032 (r)
265 3955 347 4011 Loco
361 3969 452 4026 supra
463 3951 502 4007 ad
513 3970 543 4007 n.
554 3950 592 4010 38
605 3949 748 4006 indicato.

205 4055 251 4134 (a)
272 4055 318 4112 De
335 4053 452 4112 mulier.
464 4051 563 4112 affert.
578 4053 599 4110 l.
616 4069 742 4123 r,c.17.
