2784 5088
217 433 285 484 mr.
302 431 350 484 tv.
367 427 414 484 ns
430 425 566 484 nouus
578 423 778 492 cursuro„
792 424 862 484 ete.
880 424 1074 495 emersu.
1103 424 1175 515 419

167 565 249 624 esse
267 565 387 649 possut
393 541 624 648 pulsatura
643 550 693 620 ab
715 555 862 620 arteriis
882 553 1023 622 cerebri
1039 553 1128 622 illi
1114 578 1178 625 rm

146 675 290 801 pressi
313 679 435 739 motus
461 671 638 754 cessatio,
657 658 719 736 alii
743 666 927 758 uiderint3
947 666 1036 741 ferri
1061 673 1180 744 aciem
1219 748 1233 754 ,

171 800 251 859 non
266 788 407 884 iupus,
430 780 537 882 quod
562 783 712 854 nullum
731 795 848 874 esset,
811 787 974 857 tsed
965 813 1004 856 1n
1026 803 1179 861 tenuem

171 905 411 1000 meningen,
439 901 750 999 cerebrumque
740 903 976 993 immisisset,
1004 921 1067 977 aut
1101 931 1181 980 non

173 1023 374 1119 deceptus,
391 1021 533 1091 arteriae
545 1037 689 1106 ramos,
709 1035 949 1116 perorassem
965 1027 1182 1123 meningem

172 1153 369 1238 repentes,
388 1137 598 1208 sauciasset.
611 1137 721 1208 Mitto
735 1149 884 1210 errores
898 1153 1051 1214 eeteros
1064 1144 1183 1238 quiin

171 1279 289 1356 opere
313 1256 463 1328 nonita
488 1245 606 1341 facili,
637 1252 809 1326 accidere
840 1253 970 1353 plures
991 1261 1186 1356 potuerint

175 1399 256 1450 nou
271 1374 351 1444 sine
363 1390 550 1470 aegrorum
569 1396 667 1442 noxa
676 1418 694 1480 ,f
711 1391 933 1446 enumerare
949 1401 959 1464 ;
980 1375 1081 1448 etad
1096 1378 1185 1450 reli-

175 1512 272 1590 quus
288 1513 416 1562 causas
430 1488 566 1578 reden,
594 1501 754 1588 propter
767 1517 861 1588 quas
879 1492 918 1562 id
938 1495 1185 1592 opusinutile

171 1627 258 1680 sese
272 1607 450 1704 potuerit.
467 1609 637 1698 Quarum
651 1623 693 1679 ut
709 1599 854 1706 aliquus
866 1623 1187 1686 tantumoomme·

174 1749 344 1810 morem,
360 1737 466 1795 certe
493 1739 536 1794 ut
564 1725 714 1822 sanguis
742 1727 841 1797 inter
869 1730 1086 1826 meningem
1113 1731 1186 1810 du-

171 1867 256 1914 rum
268 1893 278 1930 ‚
291 1858 329 1914 et
348 1841 536 1926 cranium,
556 1857 592 1912 et
604 1843 648 1913 iis
657 1841 812 1938 quidem
823 1839 914 1915 loeis
925 1861 1021 1932 esset
1031 1843 1187 1934 effusus,

171 1985 259 2060 quoe
283 1955 477 2057 perforare
506 1957 603 2029 nihil
624 1973 741 2044 vetet,
776 1970 901 2030 tamen
927 1961 957 2032 si
986 1979 1186 2036 concretus

165 2093 279 2150 -orcte
292 2077 407 2164 adeo,
421 2091 458 2148 et
477 2072 659 2146 tenaciter
673 2075 720 2146 ad
736 2099 819 2146 eam
836 2077 1053 2175 meningem
1071 2079 1188 2160 adhae-

176 2195 305 2283 sisset,
325 2209 368 2265 ut
391 2217 474 2264 nou
501 2194 581 2270 sine
608 2194 645 2263 ri
675 2188 802 2264 divelli
830 2202 974 2290 posset,
1010 2196 1190 2292 quemade

174 2311 336 2384 modum
358 2326 395 2382 et
424 2311 505 2382 aliis
525 2309 717 2410 pluribus,
745 2325 783 2380 et
806 2311 982 2383 Velsalvee
1011 2315 1082 2410 ipsi
1109 2332 1188 2385 non

176 2430 295 2503 semel
312 2430 484 2517 inuenire
500 2429 674 2527 contigit3
693 2426 928 2517 subitorum,
945 2445 987 2500 ut
1004 2430 1063 2502 vel
1074 2451 1188 2530 supra

176 2548 479 2622 animaduertere
492 2547 664 2645 potuisti,
686 2547 1025 2643 comminiscimur,
1038 2549 1102 2620 sed
1115 2571 1190 2620 om·

173 2667 285 2738 nium
315 2663 392 2737 fere
421 2667 461 2735 iu
494 2662 777 2763 superioribus,
799 2679 864 2734 eut
891 2665 931 2734 in
966 2663 1025 2736 his
1056 2665 1190 2740 litteris
1296 2752 1300 2759 ¹

103 2835 107 2844 ,
176 2773 298 2856 habes
314 2780 505 2879 exemplu3
530 2781 622 2879 quid
636 2782 810 2855 orantum
825 2783 1089 2880 perterebrare
1102 2771 1192 2883 pross

176 2895 338 2974 fuisset?
357 2901 468 2971 Dices
487 2897 642 2971 fortasse
657 2925 665 2968 ε
683 2914 719 2971 at
738 2901 769 2972 si
785 2895 941 2971 velante
957 2917 1120 2978 mortem
1137 2905 1191 2974 sic

173 3017 412 3105 adhesisset,
433 3017 558 3114 perito
576 3015 757 3115 chirurgo
785 3041 864 3092 non
884 3015 1090 3091 defuissent
1110 3041 1193 3116 quse

175 3133 420 3222 infunderet,
446 3149 489 3205 ut
506 3131 748 3221 dissolveret,
776 3149 815 3206 et
837 3135 1092 3234 reglutinuret.
1122 3117 1193 3208 Fac

181 3279 266 3326 non
281 3251 453 3333 defuisse.
471 3250 596 3342 Quid?
612 3251 645 3322 si
662 3273 749 3348 pers
768 3251 893 3348 atique
909 3251 990 3348 ejus
1001 3255 1194 3351 sanguinis

177 3371 239 3444 ibi
257 3385 353 3444 esset
376 3389 454 3468 quo
483 3368 585 3440 adire
607 3365 754 3441 infusus
774 3367 916 3441 humor
945 3395 1024 3440 non
1048 3381 1195 3470 possen

177 3489 423 3586 nequeenim
439 3488 591 3585 ignoras
605 3503 707 3558 erote
721 3511 808 3559 cum
828 3496 957 3562 cronio
975 3490 1194 3587 meningem

182 3607 291 3680 illem
310 3596 523 3692 coherere,
548 3619 588 3676 et
608 3606 699 3677 hinc
729 3608 932 3703 consequi,
965 3621 1008 3677 ut
1029 3621 1196 3702 nequent

185 3749 276 3796 cum
292 3748 370 3794 uno
386 3723 517 3820 inquo
536 3749 557 3794 a
577 3725 705 3794 cranio
720 3741 888 3828 separata
899 3725 946 3795 sit
959 3725 1065 3810 loco,
1081 3722 1187 3812 alter,

184 3842 247 3914 vel
268 3843 525 3940 propinquus,
537 3842 667 3937 inquo
686 3844 827 3939 pariter
844 3856 1013 3936 separata
1024 3843 1084 3928 sit,
1099 3865 1197 3911 com·

186 3962 401 4045 munierum,
422 3973 486 4028 aut
514 3973 616 4028 certe
637 3959 687 4028 ita
706 3957 899 4055 expedite,
923 3971 966 4028 ut
985 3981 1082 4054 opus
1104 3972 1200 4036 esset
