2872 4660
187 463 274 550 nra.
302 499 359 550 ιιι.
386 501 434 546 un
458 497 596 548 nonnis
616 498 786 561 vaurms,
813 499 924 550 rrtsr.
952 465 1080 551 invni.
1107 475 1154 578 37

147 641 224 715 qua
243 616 274 687 si
294 613 435 686 molam
464 637 592 686 veram
610 637 688 684 esse
707 613 878 702 dixisset,
904 615 1046 689 nullam
1069 617 1159 688 inde

146 733 274 806 labem
295 733 395 828 ejuS,
422 733 565 830 quippe
583 745 729 830 nuptae,
750 731 912 804 honesto
933 736 1081 806 nomini
1105 760 1159 810 as·

150 853 336 949 persisset.
368 853 500 946 ltaque
522 848 606 920 ¹nou
632 847 726 947 quid
754 867 952 948 appareat,
978 852 1048 925 sed·
1067 851 1179 951 quid

150 972 216 1058 sit,
240 983 413 1041 accurate
428 967 676 1065 quaerendum
705 982 780 1057 est3
796 993 892 1040 verae
918 971 1018 1042 enim
1037 969 1161 1060 librae,

148 1105 243 1163 vera·
254 1111 362 1174 vasa,
381 1109 478 1159 verae
495 1087 649 1174 tunicae,
660 1110 705 1158 ex
717 1087 836 1182 iisque
850 1084 1020 1161 conlecta
1037 1089 1162 1161 vesica

151 1208 233 1279 sine
253 1205 326 1274 viri
348 1227 421 1275 usu
440 1225 519 1276 esse
543 1227 623 1274 non
642 1219 811 1300 possunt.
839 1209 923 1277 Imo
942 1203 1163 1302 hujusmodi

150 1324 274 1396 vesica
292 1323 390 1392 iuter
408 1320 528 1393 molas
539 1342 673 1393 omues
692 1323 853 1392 maxi-me
870 1322 1035 1421 legitima
1051 1339 1163 1413 esset,

152 1437 569 1542 quippeiuchoamenti
594 1438 829 1536 embryonis,
860 1455 897 1512 et
926 1439 1099 1514 humoris
1122 1442 1164 1514 in
1219 1474 1226 1484 ·

151 1583 231 1658 quo
251 1559 283 1630 is
302 1572 427 1644 natat,
451 1557 713 1646 involucrum,
734 1559 763 1629 si
786 1557 895 1630 molae
923 1561 1101 1650 nomine,
1121 1575 1165 1634 ut

151 1699 173 1748 a
189 1676 380 1776 plerisque
401 1691 504 1745 nunc
523 1675 728 1774 accipitur,
745 1699 805 1748 res
825 1673 1042 1772 hujusmodi
1059 1663 1165 1750 com·
1234 1738 1238 1749 .

151 1792 480 1893 prehenderetur:
498 1803 717 1892 quanquam
734 1791 832 1866 hanc
844 1795 963 1894 ipsam
977 1796 1166 1870 vocabant
1212 1864 1218 1880 ,

153 1910 295 2012 mologn
327 1911 574 1983 vesiculorem
602 1910 703 1982 idem
733 1916 987 1987 Hartmannus
1004 1911 1099 2013 (1),
1128 1927 1167 1986 et

152 2029 258 2102 hunc
277 2043 425 2104 secutus
440 2029 486 2100 cl.
509 2028 760 2101 Gottwaldtus
781 2029 853 2128 (a),
872 2033 939 2128 qui
959 2034 1038 2128 ejus
1054 2035 1167 2105 icone

156 2151 242 2221 satis
279 2173 408 2220 earum
443 2147 555 2216 simili
598 2171 692 2244 quas
725 2145 842 2218 edidit
862 2164 1011 2244 *postea
1045 2153 1168 2246 Ruys³

157 2265 264 2344 chius
291 2265 345 2361 (3)
374 2261 479 2336 suain
505 2263 703 2336 illustravit
735 2263 1047 2338 observationem.
1083 2272 1167 2341 Haec

155 2385 271 2483 igitur
294 2385 335 2454 in
353 2382 564 2482 virginibus
586 2406 665 2454 esse
687 2407 766 2454 non
786 2397 926 2480 potest,
951 2401 1021 2456 nec
1048 2411 1169 2484 quan·

154 2517 237 2574 tum
257 2502 336 2574 scio
349 2557 358 2592 ,
370 2501 433 2572 illa
447 2501 589 2599 pariter
605 2525 687 2598 quae
701 2501 894 2598 aliquanto
914 2503 1049 2576 melius
1067 2505 1169 2586 mola

153 2619 371 2694 vesicularis
390 2615 726 2716 appellaretur,-id
750 2632 805 2690 est
833 2621 999 2718 aggeries
1021 2625 1168 2696 vesicu-

155 2737 278 2809 larum
297 2738 337 2806 in
349 2736 509 2807 modum
524 2736 866 2834 racemidisposita,
882 2741 926 2808 ln
944 2763 1018 2835 qua
1037 2764 1171 2839 agnos·

157 2854 339 2927 cendane
366 2877 441 2952 qua
461 2853 634 2952 deceptio
654 2855 869 2951 contingat,
898 2853 1169 2946 haudinutile,

157 2969 437 3072 opinor,luerit
450 2972 567 3069 magis
582 2985 773 3049 accuratas
787 2970 1080 3070 descriptiones,
1094 2976 1169 3046 ico·

143 3113 303 3187 ¹nosque
334 3113 463 3178 earum
490 3088 702 3187 inspectare
727 3113 808 3185 quae
837 3103 923 3187 post
951 3093 1171 3188 conceptio-

157 3233 245 3281 nem
267 3207 392 3304 ejectae
411 3220 521 3292 sunt,
546 3230 749 3302 ramosque
773 3221 838 3278 aut
855 3208 1022 3279 ramulos
1037 3210 1076 3277 in
1096 3210 1169 3283 illis

158 3325 371 3414 attendere,
394 3324 440 3395 ad
459 3349 557 3422 quos
582 3347 757 3422 appensae
773 3347 851 3397 nou
874 3349 961 3397 raro
980 3325 1167 3423 prodiere.
1186 3365 1189 3374 ·

158 3443 297 3536 Quales
333 3442 631 3539 descriptiones,
678 3444 882 3540 iconesque
918 3442 1018 3542 apud
1049 3449 1171 3540 Ruys-
1270 3535 1274 3544 ι

159 3560 311 3648 chium,
347 3583 566 3657 quanquam
600 3559 785 3630 vesiculas
819 3562 918 3658 ipsas
946 3587 1025 3632 non
1055 3563 1172 3634 semel

202 3856 244 3941 (ι)
268 3860 409 3917 Earumd.
425 3860 586 3931 dec.2,1l.
602 3879 648 3931 10,
661 3860 727 3916 obs.
743 3859 809 3931 157.

202 3959 246 4038 (a)
267 3961 410 4017 Earumd.
425 3959 489 4016 dec.
507 3959 543 4030 3,
556 3964 593 4015 A.
607 3979 627 4034 9
639 3969 669 4016 et
684 3979 740 4034 ro,
757 3959 823 4017 obs.
839 3955 906 4036 159.

204 4060 248 4141 (3)
271 4061 361 4120 Thes.
376 4069 455 4120 anat.
473 4059 510 4134 6,
525 4060 588 4118 tab.
598 4077 628 4118 a.
