2946 4662
302 435 374 523 426
471 457 516 504 aa
542 455 756 505 asarsusim
782 455 907 504 causis
931 457 1138 505 uoaaouuu

302 590 390 640 cum
412 586 568 669 repente
588 566 789 668 pleuritide
808 567 857 640 ad
873 570 987 642 imam
1016 572 1202 643 sinistram
1225 570 1304 642 tho

300 689 396 758 racis
412 703 556 785 partem
576 687 788 786 gravissima
805 703 1005 785 correptus
1022 704 1095 776 est,
1114 688 1306 785 nullisque

301 803 588 902 proficientibus
602 803 766 892 auxiliis,
782 806 880 876 intra
895 825 1039 902 paucos
1053 804 1133 878 dies
1148 806 1307 892 interiit,

300 945 387 994 cum
401 925 596 994 materiam
610 924 791 1021 sanguine
812 923 922 994 etiam
943 923 1119 994 nonnihil
1135 924 1308 998 ducum,

228 1133 229 1144 ἵ
300 1039 459 1113 sednon
480 1040 636 1112 multam
649 1093 658 1128 ,
673 1040 879 1135 rejecisset,
892 1063 1017 1137 neque
1032 1039 1152 1112 ullum
1171 1054 1307 1138 prater

300 1179 343 1229 ea
360 1181 443 1256 quae
460 1157 559 1228 dicta
579 1171 683 1243 sunt,
702 1157 916 1228 accessisset
944 1155 1152 1229 laborantis
1177 1157 1308 1256 capitis

299 1274 493 1347 indicium.
514 1273 698 1362 Cadaver,
716 1275 823 1370 cujus
842 1299 887 1345 ex
902 1297 969 1346 ore
989 1272 1086 1346 toeda
1099 1276 1211 1347 exivit
1229 1295 1308 1346 ma-

299 1394 411 1480 teria,
431 1390 527 1467 infra
538 1392 711 1489 jugulum
730 1392 922 1464 sinistrum
942 1391 1145 1481 duntaxat,
1163 1393 1210 1464 ad
1227 1415 1307 1466 me·

300 1511 428 1582 diocre
452 1511 634 1608 spatium,
664 1509 820 1597 tastu,
839 1533 952 1608 grave
970 1525 1095 1586 autem
1112 1510 1207 1582 adeo
1225 1511 1307 1582 ole-

298 1627 378 1712 bat,
398 1642 440 1698 ut
466 1627 526 1699 vel
546 1624 783 1726 frigidissima
809 1627 871 1698 illa
904 1643 1145 1726 tempestate,
1168 1630 1304 1700 inierat

299 1747 399 1818 enim
403 1746 598 1840 januarius
611 1746 751 1817 mensis
760 1745 851 1818 anui
865 1744 1063 1842 t7lfa‚ferri
1074 1765 1154 1816 nou
1165 1762 1301 1844 posset.

299 1867 431 1960 ltaque
451 1862 565 1950 nihii,
584 1864 659 1936 uisi
676 1863 867 1950 cranium,
892 1861 997 1960 quod
1019 1878 1100 1964 erat
1126 1865 1304 1936 crassissi-

299 1997 420 2066 mum,
440 1995 613 2079 apertum
627 1995 691 2052 est.
712 1971 867 2050 Nullum
883 2001 1039 2078 prorsus
1049 1982 1088 2050 in
1106 2003 1173 2068 eo,
1188 1983 1302 2052 autin

299 2099 343 2169 iis
368 2117 454 2196 qua
483 2097 721 2185 continebat,
746 2098 877 2182 vitium
903 2095 993 2185 fuit,
1023 2100 1053 2170 si
1076 2121 1303 2198 perpaucum

299 2212 431 2288 flavam
457 2217 563 2313 quasi
578 2215 785 2311 palatinam
801 2217 982 2314 excipias,
1013 2239 1096 2314 quae
1117 2217 1187 2290 sub
1208 2217 1302 2290 dura

298 2333 475 2431 meninge
492 2332 539 2404 ad
560 2333 716 2430 spatium
737 2335 852 2404 trium
873 2350 1083 2432 quatuorve
1097 2335 1302 2434 digitorum

297 2469 586 2548 quoquoversus
598 2464 748 2522 extensa
765 2467 915 2549 reperta
930 2467 1005 2541 est,
1026 2474 1103 2524 non
1119 2453 1190 2526 suh
1210 2477 1301 2526 cou-

296 2582 382 2639 tuso
402 2565 474 2637 ubi
484 2566 688 2638 terebratio
707 2568 877 2639 instituta
894 2565 1031 2657 suerat,
1052 2572 1182 2669 capitis
1195 2572 1302 2662 10003

296 2683 360 2756 sed
381 2685 498 2783 magis
515 2685 561 2756 ad
576 2687 773 2758 anteriora.

350 2803 403 2874 16.
420 2804 456 2873 Si
475 2803 669 2875 historiam
687 2802 786 2876 hanc
802 2823 888 2875 eum
903 2805 947 2876 iis
959 2828 1052 2903 quas
1067 2807 1302 2905 superius(1)

295 2921 529 3019 scripsimus,
557 2917 947 2995 animadversionibus
976 2921 1163 3012 conferas,
1194 2923 1301 3001 facile

294 3059 448 3111 causam*
463 3039 563 3111 uude
584 3037 672 3110 huic
693 3040 824 3135 juveni
845 3039 1018 3139 pleuritis
1047 3042 1095 3113 sit
1115 3059 1196 3116 orta
1217 3066 1300 3116 sus-

294 3157 499 3256 picaberis,
524 3175 751 3255 perpaucum
775 3174 1003 3256 cutemque
1026 3159 1097 3232 sub
1111 3160 1205 3234 dura
1222 3183 1302 3236 me·

292 3277 566 3372 ningeinventa
581 3293 656 3363 est,
678 3279 870 3348 materiam
885 3277 1063 3376 retiquias
1076 3276 1302 3355 fuisseillius

292 3415 374 3490 qum
395 3391 448 3462 ibi
471 3392 666 3492 aliquanto
691 3394 825 3489 majori
847 3395 954 3491 copia
978 3396 1084 3492 prius
1101 3398 1300 3488 extitisset,

292 3507 438 3604 reliqua
455 3509 494 3578 in
511 3508 705 3582 thoracem
722 3511 987 3607 potissimum,
1009 3512 1076 3585 sed
1095 3529 1132 3587 et
1151 3517 1190 3586 ia
1214 3539 1301 3588 eor·

291 3646 362 3732 pus
381 3626 618 3717 universum,
647 3642 689 3699 ut
716 3623 813 3704 fetor
838 3627 1076 3719 ostendebat,
1105 3633 1296 3710 translata.

328 3989 373 4068 (1)
393 3991 433 4050 tt.
454 4011 474 4068 9
492 4002 521 4050 et
536 4009 581 4048 ra.
