2946 4662
358 409 430 484 510
521 435 568 480 or
595 431 741 480 sturnos
767 431 811 479 nr
836 431 961 481 causis
987 429 1196 482 uorronuu

357 562 393 617 et
414 571 484 644 pus
505 561 798 644 expectorasset‚
827 569 910 644 quae
938 531 1150 644 penetranti
1174 550 1213 618 in
1238 547 1348 618 thora·

250 663 254 714 ἶ
281 697 284 702 ’
358 689 440 736 cem
460 664 610 735 vulneri
624 667 701 738 visa
720 663 1112 736 essentadscribenda.
1126 667 1347 737 Numtamen

358 807 403 852 ex
426 779 619 882 probando
638 781 795 853 vulnere
818 803 889 878 pus
907 783 948 851 in
970 779 1181 880 sanguilera
1196 804 1279 853 rasa
1301 805 1353 865 err-¹

359 893 534 992 ceptum,
563 897 887 998 quemadmodum
909 923 954 969 ex
976 899 1123 970 cerebri
1146 897 1351 971 vulneribus

62 1025 65 1034 '
144 1070 148 1082 .
263 1063 277 1080 ψ
307 1103 310 1108 Ι
359 1018 581 1113 contingere
614 1040 736 1113 nuper
760 1016 814 1113 (ι’)
836 1017 1071 1114 scripsimus,
1099 1019 1138 1087 in
1165 1017 1351 1115 pulmones

358 1133 525 1223 illatum,
543 1133 741 1206 tubercula
767 1132 828 1203 illa
855 1135 1089 1220 excitaverit,
1112 1159 1159 1206 an
1177 1157 1266 1207 vero
1284 1133 1352 1230 ipsa

355 1255 433 1349 jam
451 1265 537 1323 ante
556 1251 694 1323 vulnus
706 1249 912 1339 inflictum,
929 1276 998 1350 per
1007 1275 1048 1324 se
1059 1245 1139 1325 esse
1149 1253 1351 1350 coepissent,

359 1373 399 1442 in
414 1369 540 1441 medio
555 1369 817 1465 relinquimus

414 1487 466 1557 18.
480 1486 632 1556 Juvenis
646 1485 741 1556 alter
755 1487 904 1557 sinistra
920 1485 1024 1558 dorsi
1040 1501 1146 1584 parte
1164 1487 1295 1558 vulnus
1308 1507 1356 1555 ac·

360 1603 467 1699 cipit,
480 1601 584 1699 quod
603 1601 781 1674 deorsum
799 1601 954 1700 oblique
975 1617 1012 1674 et
1030 1603 1266 1676 dextrorsum
1281 1623 1354 1700 per·
1422 1631 1423 1686 q

361 1740 473 1818 gens,
489 1717 682 1790 vertebras
704 1719 894 1808 radendo,
924 1719 1090 1818 denique
1111 1721 1354 1792 intersertam

361 1851 399 1908 et
427 1824 624 1935 septimam
645 1853 786 1909 costam
821 1836 1017 1908 dexterum
1050 1837 1219 1910 thoracis
1239 1857 1357 1907 cavum
1422 1825 1423 1852 ¹

361 1955 584 2054 ingreditur.
616 1955 823 2028 Avuluere
857 1979 926 2052 per
961 1952 1040 2027 dies
1070 1953 1217 2052 aliquot
1251 1954 1356 2024 levem

363 2074 531 2172 spirandi
550 2071 811 2144 difficultatem
828 2072 983 2170 patitur,
1002 2087 1038 2143 et
1050 2071 1225 2143 dolorem
1242 2093 1359 2168 quem·
1422 2097 1423 2156 ξ

363 2192 471 2279 dam,
490 2191 784 2289 respondentem
806 2191 845 2259 in
863 2191 1050 2262 anteriore
1064 2193 1238 2288 corporis
1251 2200 1357 2288 parte:
1422 2157 1423 2242 l

255 2337 259 2344 ·
363 2309 466 2381 dolet
483 2330 638 2406 quoque
662 2306 753 2378 dum
776 2307 823 2378 ab
844 2329 923 2380 uno
947 2307 988 2378 in
1015 2307 1176 2379 alterum
1212 2310 1304 2379 latus
1327 2325 1359 2373 se

363 2427 560 2500 convertit.
586 2418 866 2497 Pruritu‘etiam
891 2424 1056 2522 quodam
1074 2425 1192 2496 modo
1214 2429 1254 2496 in
1277 2423 1359 2508 boc,

363 2542 479 2616 modo
493 2544 532 2613 in
552 2543 617 2612 illo
637 2542 723 2613 loco
739 2558 904 2629 vexatur.
934 2544 999 2614 His
1021 2539 1083 2614 die
1109 2545 1247 2641 quinto
1266 2562 1360 2612 acce·

363 2662 418 2734 dit
441 2662 553 2732 tussis
578 2685 663 2731 cum
689 2674 799 2758 sputo
822 2661 1032 2758 sanguinis,
1053 2677 1136 2732 tum
1157 2662 1313 2759 quidam
1328 2659 1360 2727 in

363 2777 525 2852 artubus·
540 2777 784 2850 inferioribus
797 2791 952 2876 stupor:
974 2801 1089 2876 quem
1107 2782 1257 2879 excepit
1265 2768 1364 2878 ¹para·

365 2897 488 2995 lysisa
507 2897 681 2995 corporis
698 2895 824 2966 medio
838 2895 884 2966 ad
898 2895 1014 2995 pedes
1032 2911 1223 2970 extremos
1241 2919 1364 2994 usque,

364 3031 407 3087 ut
430 3013 628 3102 movendi,
659 3013 921 3111 sentiendique
954 3009 1108 3087 facultas
1134 3041 1215 3087 non
1241 3015 1311 3086 nisi
1331 3013 1364 3080 in

366 3133 544 3222 thorace,
577 3147 614 3204 et
645 3131 906 3230 superioribus
938 3133 1108 3230 partibus
1138 3143 1363 3207 remaneret:

366 3251 475 3322 simul
499 3250 640 3348 ingruit
663 3249 879 3322 abdominis
904 3265 1050 3340 tumor,
1077 3265 1115 3324 et
1143 3255 1288 3339 tensio,
1318 3249 1367 3318 lo·

366 3367 509 3464 tiique‚
535 3382 572 3438 et
588 3367 660 3436 alvi
684 3383 1010 3440 recrementorum
1037 3371 1269 3467 suppressio.
1291 3373 1369 3440 Post

365 3483 480 3580 hujus
499 3485 678 3582 paralysis
696 3485 922 3570 adventurn,
941 3505 1037 3583 aeger
1062 3487 1199 3558 melius
1217 3487 1291 3558 sibi
1310 3485 1366 3554 ba·

365 3601 456 3675 bere
474 3601 632 3674 videtur.
654 3603 779 3672 Animi
795 3616 921 3674 tamen
940 3601 1220 3712 defectionibus
1233 3605 1370 3702 aliquo·
1422 3677 1423 3690 χ

1422 3715 1423 3782 l

409 3995 452 4073 (1)
471 3973 565 4072 Epist.
585 3993 636 4066 51,
653 4015 683 4051 u.
700 4013 734 4053 21
750 4004 854 4090 etseq.
