2854 4660
280 391 349 478 342
464 413 511 464 nr
538 413 683 468 sumnus
709 415 753 462 ar
777 415 903 466 crusis
928 415 1141 467 consonuit

332 553 386 600 11.
400 527 538 602 Mulier
549 528 800 628 quadraginta
816 530 978 630 amplius
1002 556 1125 606 annos
1142 547 1249 620 nata,
1269 561 1288 606 e

280 645 378 730 scala
389 647 462 722 alta
473 647 630 734 cadens,
645 648 832 722 sinistram
845 651 1181 749 sincipitispartem
1195 651 1288 722 laedit

279 767 394 866 paulo
420 791 534 865 supra
549 785 592 840 os
612 768 804 865 temporis.
823 773 957 844 teasu
975 771 1083 867 quasi
1105 772 1287 842 exanimis

277 886 402 981 jacet:
424 899 549 960 tamen
579 885 694 984 paulo
728 901 813 984 post
846 911 955 972 sana,
993 903 1033 960 ut
1057 903 1185 976 antea,
1212 913 1288 960 esse

277 1003 447 1093 videtur,
474 1029 600 1101 neque
630 1005 729 1078 laesio
758 1006 830 1077 nisi
852 1008 969 1093 cutis,
995 1023 1162 1104 apparet.
1200 1010 1288 1098 Quae

279 1106 426 1196 tametsi
443 1129 542 1194 circa
559 1121 748 1194 decimum
769 1139 943 1219 quartum
958 1125 1056 1196 diem
1071 1149 1288 1223 gangraena,

279 1239 376 1315 febri
396 1243 616 1328 comitante,
633 1239 911 1339 prehenditur:
934 1243 1033 1314 intra
1057 1242 1138 1315 dies
1161 1257 1289 1316 tamen

193 1367 196 1378 '
279 1383 422 1462 paucos
445 1359 507 1430 illa
527 1360 715 1456 primum,
733 1383 822 1430 mox
838 1359 922 1432 boec
944 1359 1118 1459 abigitur.
1145 1365 1290 1434 Verum

279 1496 365 1552 ante
381 1479 615 1576 trigesimum
627 1477 727 1550 diem
743 1480 880 1551 iterum
896 1477 1010 1551 febris
1023 1481 1184 1576 ingruit,
1204 1505 1289 1552 cum

280 1597 443 1694 frigore:
470 1596 580 1692 eique
603 1597 701 1668 circa
725 1598 960 1695 trigesimum
988 1613 1167 1696 quartum
1201 1623 1292 1696 apo·

278 1716 461 1816 plecticus
475 1710 629 1786 affectus
649 1715 794 1788 accedit
808 1741 894 1788 oum
909 1715 1094 1814 aphouia,
1108 1732 1145 1788 et
1162 1731 1290 1790 motus

285 1834 493 1935 privatione
510 1835 549 1903 in
567 1847 644 1930 tota
661 1832 813 1906 dextera
829 1849 934 1930 parte
954 1834 1150 1932 corporis,
1177 1857 1291 1906 sensu

280 1954 491 2052 superstite.
514 1955 687 2023 Attamen
713 1973 796 2048 quae
819 1951 1061 2036 dicebantur,
1090 1976 1128 2024 se
1156 1953 1291 2024 intelli·

280 2097 388 2171 gere,
408 2071 566 2144 nutibus
583 2065 836 2168 significabat:
863 2085 1009 2168 partem
1033 2085 1160 2142 autem
1187 2071 1288 2140 illam
1310 2136 1313 2144 .

281 2190 451 2290 quaedam
460 2189 566 2285 quasi
582 2187 846 2279 convulsiones
859 2189 1066 2285 epilepticae
1076 2244 1085 2276 ,
1096 2189 1289 2260 interdum

279 2324 360 2380 toto
377 2331 538 2404 corpore
561 2306 742 2394 excitata,
764 2329 843 2376 non
870 2307 997 2378 minus
1028 2331 1142 2403 quam
1182 2308 1291 2379 sinis·

279 2441 392 2510 tram,
409 2422 623 2496 movebant.
645 2422 812 2494 Tandem
831 2423 929 2495 circu
956 2411 1289 2520 quadragesimum

277 2541 378 2614 diem
395 2557 450 2612 est
462 2557 621 2612 mortua.

329 2660 456 2730 Cranii
470 2659 633 2730 exterior
649 2659 785 2730 lamina
795 2711 805 2744 ,
817 2683 892 2755 qua
908 2673 1014 2756 parte
1030 2674 1143 2756 caput
1162 2659 1289 2732 laesurn

279 2775 417 2865 fuerat,
438 2776 476 2846 in
506 2777 731 2848 semicirculi
759 2773 918 2848 formam
945 2793 1200 2875 aperuerat,
1227 2777 1289 2850 sed
1326 2836 1331 2842 .

278 2895 371 2995 ossis
393 2894 572 2964 interiora
595 2909 702 2966 erant
720 2896 876 2993 integra.
897 2895 967 2964 Piae
992 2911 1117 2964 tarnen
1143 2897 1290 2966 menin-

276 3014 332 3112 gis
349 3037 435 3111 pars
453 3011 515 3082 ill-a
535 3037 617 3109 quae
646 3013 680 3081 ei
702 3013 787 3082 loco
818 3011 1111 3108 subjiciebatur,
1139 3015 1287 3086 sanioso

274 3147 372 3219 erat,
398 3146 435 3201 et
451 3130 650 3203 cerebrum
669 3129 716 3201 ad
740 3130 916 3202 eumdem
937 3131 1065 3200 locum
1101 3128 1285 3228 subfusco

273 3247 414 3348 pallido
441 3249 568 3320 colore
594 3245 1030 3352 infectum.'Ventriculi
1054 3263 1181 3320 autem
1204 3251 1284 3345 ejus

272 3367 377 3454 sani,
398 3381 438 3438 ut
457 3381 494 3438 et
510 3381 588 3438 tota
606 3391 692 3464 pars
710 3366 873 3438 dextera.

291 3539 293 3544 .
310 3499 377 3555 ta.
398 3485 514 3581 Virgo
527 3510 714 3560 annorum
731 3487 862 3585 viginti
875 3487 1063 3582 quinque,
1080 3485 1122 3554 in
1140 3501 1277 3558 terram

266 3600 425 3689 cadone,
443 3617 623 3700 peracuto
640 3602 763 3700 lapide
783 3605 822 3672 in
844 3604 992 3674 sinistra
1016 3599 1153 3673 frontis
1171 3617 1277 3700 parte

250 3711 427 3790 ¹sauciata
452 3734 516 3792 est.
546 3725 591 3790 ln
625 3721 889 3793 nosocomium
915 3733 1092 3818 excepta,
1126 3720 1274 3792 assidua

261 3835 356 3910 febri
373 3838 642 3936 torquebatur,
657 3863 739 3935 quae
758 3839 797 3908 in
815 3838 893 3910 dies
911 3821 1152 3934 augescebat.
1179 3837 1271 3908 Vul-

256 3977 330 4028 nus
346 3957 486 4057 corripi
499 3981 697 4056 gangraena
717 3957 849 4056 coepit:
870 3981 953 4054 quae
968 3970 1190 4055 tempestate
1204 3953 1264 4026 ilia
