2946 4662
169 3616 175 3650 l

340 3371 352 3446 l

218 3581 219 3584 ‘
338 3569 349 3650 l

340 3769 351 3852 l

299 415 368 489 502
470 437 688 496 cassamus
713 438 757 484 nr
782 436 906 484 causis
931 437 1141 484 nonnosus

298 525 400 650 apud
417 548 656 623 Aristotelem
668 546 723 644 (ι)
735 573 779 619 ex
793 549 1019 646 Hippocrate
1039 549 1093 646 (a)
1105 562 1226 646 potest
1246 553 1305 618 iu-

298 667 437 764 telligi,
465 664 568 738 unde
595 667 703 737 illum
737 667 945 763 accepisse,
981 664 1158 740 credebat
1180 665 1303 736 Valle·

298 787 374 858 sius
390 783 454 881 (3).
477 781 802 880 Confirmavitque
821 783 962 854 Plinius
976 783 1031 878 (Δ)
1051 808 1095 856 ex
1110 780 1303 880 gladiato-

241 993 250 1018 Χ
298 927 382 1000 rum
401 901 640 1000 spectaculis,
672 905 797 972 Romae
830 896 1152 998 frequentissimis.
1185 901 1302 996 Cujus

298 1044 371 1119 ego
381 1019 588 1118 aliquando
614 1018 817 1118 inspiciens
833 1019 980 1107 locum,
998 1042 1078 1092 non
1096 1033 1172 1091 tam
1189 1020 1305 1090 mira·

296 1151 358 1210 tus
379 1162 482 1226 sum,
501 1136 608 1236 quod
625 1137 773 1210 Celsum
794 1135 847 1233 (5)
866 1152 1017 1210 secutus
1024 1190 1035 1224 ,
1057 1135 1303 1235 diaphragma

298 1255 558 1332 membranam
585 1279 663 1328 esse
689 1254 840 1342 dixerit,
857 1257 918 1326 cui
932 1255 1037 1328 nulla
1051 1261 1100 1327 sit
1114 1279 1222 1345 caro,
1237 1253 1308 1326 scd

301 1399 458 1452 nervosa
478 1373 646 1461 cailt'tas,
672 1396 785 1470 quam
815 1397 837 1442 a
856 1373 1098 1472 Dalecampio
1129 1371 1306 1458 festinan·

299 1506 358 1564 ter
374 1490 617 1590 adscriptam,
638 1514 709 1562 nec
727 1490 925 1579 relectam,
944 1505 987 1564 ut
1005 1493 1165 1589 opinor,
1190 1489 1306 1562 adno-

301 1608 504 1695 tationem,
523 1610 563 1679 in
583 1631 658 1706 qua
671 1607 821 1702 falsum
838 1608 880 1680 id
902 1633 980 1680 esse
993 1623 1190 1680 monstrat
1213 1632 1306 1678 ano-

301 1739 416 1812 tome,
435 1726 582 1823 inquit,
603 1730 701 1825 septi
721 1725 872 1824 quidem
894 1728 1056 1798 ambitus
1080 1749 1253 1798 nervosus
1269 1739 1310 1798 et

301 1843 582 1917 membranosus
597 1858 665 1930 est,
681 1842 806 1915 media
826 1867 917 1916 vero
939 1867 1025 1942 pars
1043 1867 1212 1916 wrnosa.
1233 1841 1307 1914 Sed

299 1958 390 2045 illuc
417 1959 543 2032 redeo.
575 1963 658 2032 Sive
682 1963 793 2034 istam
827 1963 924 2035 risus
957 1961 1241 2034 similitudinem
1266 1962 1306 2032 in

301 2079 530 2150 convulsivis
553 2078 845 2178 diaphragmatis
862 2080 1176 2155 concussionibus
1199 2104 1308 2179 spec-

232 2203 235 2212 “
299 2207 376 2281 tas,
398 2209 441 2266 ut
457 2197 705 2294 Hippocrates
727 2195 879 2268 videtur
898 2195 1052 2286 fecisse,
1088 2201 1156 2296 qui
1190 2197 1307 2270 risum

301 2310 406 2386 hunc
423 2312 517 2386 dixit
534 2313 817 2404 tumultuosum,
837 2315 914 2387 sive
934 2315 1046 2389 etiam
1070 2313 1242 2403 insacia,
1263 2329 1307 2386 ut

223 2450 225 2456 ·
301 2429 473 2527 plerique
491 2429 635 2517 solent,
658 2445 695 2506 et
718 2432 758 2504 in
784 2430 843 2505 his
857 2433 1097 2520 Bartholinus
1121 2431 1194 2530 (6),
1224 2456 1305 2507 rem

303 2545 535 2632 confirmans
552 2549 724 2646 exemplo
744 2547 851 2646 quod
869 2551 973 2649 apud
988 2555 1179 2624 Scatonem
1196 2575 1308 2624 suum

301 2661 461 2750 indicat,
481 2678 520 2736 et
536 2688 604 2762 per
619 2665 855 2764 phreniticos
872 2692 1010 2744 nervos
1026 2670 1217 2769 explicans
1235 2670 1309 2742 mi·

297 2802 370 2850 nus
385 2783 582 2878 perspicue
598 2807 713 2880 quam
733 2809 857 2882 nuper
877 2785 1143 2870 subtilissimus
1158 2811 1309 2886 prosec-

298 2911 360 2968 tor
374 2897 579 2974 Meckelius
596 2900 649 2998 (7)
663 2903 900 2976 cervicalium
920 2905 1023 2978 unde
1037 2905 1091 2976 illi
1111 2907 1290 2978 oriuntur
1297 2975 1312 3016 ‚

298 3016 453 3088 ramulis
481 3041 550 3115 per
578 3015 711 3093 faeiem
732 3021 944 3118 productim
978 3023 1159 3100 utrolibet
1191 3026 1309 3123 igitur

356 3371 386 3449 r)
406 3375 451 3430 De
462 3383 541 3449 part.
556 3375 676 3432 animal.
689 3388 710 3433 t.
726 3379 757 3448 3,
775 3398 801 3436 c.
815 3397 861 3436 ιο.

336 3470 382 3548 (a)
403 3473 527 3548 Epidal.
543 3473 577 3548 5,
602 3496 633 3534 ιι.
650 3477 687 3544 34
701 3480 782 3556 apud
793 3479 942 3536 Marinell.

351 3567 380 3654 3)
401 3573 566 3632 Commeat.
587 3577 619 3632 iu
629 3579 710 3634 hunc
722 3580 821 3640 locum
834 3599 864 3635 n.
879 3579 936 3656 ipsi
949 3588 1001 3656 94.

333 3671 378 3749 (4)
399 3675 469 3730 Nat.
486 3675 555 3732 hist.
570 3677 591 3732 l.
611 3696 665 3749 ιι,
689 3697 715 3734 c.
736 3679 784 3750 37.

353 3769 384 3849 5)
405 3773 451 3830 De
462 3776 569 3832 medic.
582 3777 602 3831 l.
618 3783 635 3844 4
645 3817 654 3848 ,
671 3796 697 3833 c.
714 3797 740 3833 1.

335 3869 380 3950 (6)
401 3875 491 3931 Anat.
502 3886 601 3950 quart.
614 3895 719 3948 renos.
733 3879 752 3932 1.
768 3896 801 3949 a,
817 3897 842 3934 o.
857 3879 885 3936 3.

330 3969 380 4050 (7)
395 3973 471 4030 Hist.
488 3975 524 4031 de
538 3977 648 4034 l’Acad.
664 3996 731 4055 roy.
744 3978 795 4037 des
809 3979 857 4037 Sc.
871 3979 908 4037 de
920 3979 1035 4054 Berlin,
1050 3997 1098 4041 an.
1119 3977 1208 4054 1752.
1316 4057 1320 4066 1
