2784 5088
167 295 236 346 tm.
254 293 304 346 lv.
320 295 366 341 nr
381 287 517 340 uonms
531 285 728 357 culture,
746 275 815 340 etc.
836 289 948 341 nrtsr.
967 294 1028 340 un.
1057 257 1127 342 315

120 425 299 499 eventus,
317 423 360 479 ut
373 407 449 478 hoc
469 420 533 476 est.
548 410 634 478 Non
653 405 931 505 promptitudo,
948 432 1027 477 non
1045 403 1131 479 dex·

70 618 72 622 ¹
118 529 248 600 toritas
260 581 270 614 ,
284 525 523 596 nonanimus
534 513 935 622 chirurgisdefnit.Hie
952 527 1131 622 tegrispo·

114 647 209 736 tius,
228 659 293 716 aut
312 667 443 716 eorum
459 642 771 740 consanguineis,
791 657 854 712 aut
870 641 951 714 aliis
963 667 1128 740 quorum

116 765 319 848 intererat,
336 758 472 847 defuit,
493 759 583 830 hinc
597 757 751 830 crudele
770 759 818 830 ad
828 761 993 858 speeiem
1011 786 1126 858 opuS,

117 879 209 953 inde
236 881 361 978 operis
381 879 523 950 exitum
547 875 811 964 cernentibus,
833 892 936 948 tunc
965 863 1128 976 opinor,

116 1023 207 1072 cum
224 996 393 1074 abnuere
416 1010 637 1094 coeperunt,
677 1015 773 1092 serpe
799 993 895 1066 adeo
919 993 1126 1084 infelicem,

115 1130 163 1188 ut
172 1099 340 1213 populo,
357 1115 412 1184 rei
433 1110 586 1182 medicae
605 1113 757 1208 ignaru,
776 1112 830 1182 sic
850 1113 964 1184 occisi
977 1114 1043 1209 qui
1058 1137 1131 1185 ser·

118 1233 202 1304 vari
211 1257 298 1302 -uon
315 1243 539 1329 potuerant,
555 1227 790 1300 uiderentur.
804 1232 874 1300 Tot
886 1246 1033 1319 eutem,
1051 1245 1128 1302 tam

117 1353 252 1437 variae,
278 1362 315 1419 et
347 1361 437 1418 tam,
454 1343 625 1417 difficiles
654 1345 701 1416 ad
735 1347 1017 1442 conjiciendum
1042 1363 1130 1420 sunt

117 1483 239 1539 eausae
253 1465 304 1536 ob
318 1465 549 1562 quascranii
567 1461 788 1562 perforatio,
805 1467 975 1562 quamvis
992 1467 1133 1564 perite,-

118 1587 424 1682 innocenterque
454 1580 642 1682 perfecta,
663 1583 807 1654 inutilis
831 1599 957 1655 tamen
986 1586 1050 1673 sit,
1087 1601 1131 1656 ut

117 1701 228 1774 facile
244 1699 326 1772 fieri
345 1701 533 1799 potuerit,
547 1726 602 1772 ne
625 1700 735 1772 inter*
751 1699 891 1772 multos
909 1701 1041 1775 iisdem
1062 1728 1131 1774 an-

117 1821 181 1894 nis
207 1805 416 1894 terebratos
448 1821 582 1916 praeter
608 1841 819 1916 perpaucos
844 1821 1001 1892 evaserit
1025 1823 1130 1918 quis*

119 1961 248 2036 quum.
270 1937 356 2009 Noli
377 1951 502 2008 autem
528 1937 657 2016 mirari
676 1936 780 2033 quod
806 1937 982 2026 dixerim,
1001 1939 1054 2009 sic
1070 1965 1132 2010 ac*

119 2054 246 2134 'cidere
263 2055 448 2152 potuisse,
470 2077 564 2125 cum‘
576 2057 725 2124 Tronus
737 2051 839 2152 apud
852 2053 1041 2126 B0hnium
1053 2057 1133 2153 (t),

117 2172 1129 2271 n'ennoquidcmexcepto,reueraomnesperiissctese

115 2306 237 2380 tetur,
257 2292 322 2388 qni
349 2289 705 2388 capite·vulnerati,
734 2289 773 2358 in
802 2315 939 2388 magno
970 2292 1128 2364 civitatis

1 2410 4 2421 '
114 2408 229 2482 Italic
247 2411 474 2480 nosocomio
485 2406 675 2480 terebram
687 2406 987 2505 experiebantur.
1003 2409 1130 2500 Quid?

1 2516 3 2528 ’
118 2525 225 2628 (Ϊμοά
248 2528 287 2596 in
308 2525 432 2596 multo
447 2525 582 2621 majori
602 2523 707 2622 apud
723 2539 871 2596 exteros
890 2530 1131 2616 nosocomio,

118 2667 200 2715 non
213 2657 299 2735 ante
315 2643 439 2714 saeculi
452 2641 590 2718 decimi
607 2643 700 2714 sexti
716 2640 853 2730 finem,
870 2643 935 2716 sed
956 2643 1030 2716 boc
1048 2671 1144 2719 nos·¹

117 2777 204 2850 tro,
232 2759 394 2854 non,s1ib
416 2743 616 2830 temerario
633 2760 821 2858 quodam,
839 2761 904 2832 sed
922 2761 992 2834 sub
1018 2787 1130 2861 expe-

116 2879 356 2954 rientissimis
374 2877 560 2973 chirurgis
579 2876 702 2964 idem,
729 2894 794 2958 aut
812 2876 889 2950 fere
914 2879 1014 2951 idem
1033 2883 1133 2954 acci·-

116 2995 236 3082 dere,
275 2995 406 3068 litteris
428 2991 654 3064 mandatum
684 3011 760 3082 est,
795 2995 975 3067 neutrubi
1002 2993 1130 3070 autem
1207 2975 1212 2984 ⁵

117 3111 273 3210 culpem
288 3137 440 3184 omnem
452 3113 493 3182 in
511 3135 636 3202 aerem
643 3109 822 3183 conferre
837 3113 925 3184 linet
936 3115 1134 3186 insalubrie

116 3227 1132 3330 busquamplurimorumaegrotantiumeffluviisinfec-

117 3365 222 3436 tum,
240 3348 393 3446 quando
415 3349 454 3418 in
476 3364 638 3446 utroque
657 3364 802 3420 constat
826 3351 957 3448 capitis
975 3353 1131 3426 vulnera

120 3465 184 3539 vel
195 3467 397 3580 graviaalin
409 3468 711 3581 rctione'cureta,
722 3469 983 3571 consenuisse,
989 3487 1029 3587 et
1041 3497 1131 3543 con-

558 3665 561 3676 ι
821 3660 825 3671 0
840 3661 843 3672 ι
879 3660 884 3668 ’
928 3659 931 3668 ·
985 3659 995 3674 r
1067 3666 1071 3681 ,

119 3674 1125 3713 m-—m—Qtffl-—Q

873 3753 875 3762 r
928 3761 930 3766 ,
1068 3751 1072 3762 ι

127 3885 131 3892 .
167 3834 210 3914 (1)
231 3837 353 3894 Dissert.
370 3837 407 3894 de
424 3847 569 3914 trepenat.
585 3837 721 3896 difficult.
820 3857 822 3866 ’
