2946 4662
301 428 373 518 448
403 505 420 516 ..
442 450 489 498 or
515 449 662 500 seorsus
686 451 731 498 sn
756 447 881 521 cauus
906 449 1114 500 noscentur
1190 489 1193 496 .

300 581 528 653 nascuntur,
544 565 574 636 si
592 562 690 654 hac,
707 565 892 661 inquam,
903 566 1025 640 solnm
1048 567 1306 660 attendamus3

302 681 383 756 fore
405 683 592 781 intelligo,
608 698 651 754 ut
668 683 785 756 multa
802 681 981 756 adversus
1001 683 1137 758 harum
1163 684 1308 761 medul-

300 803 448 892 larum,
477 817 513 874 et
539 800 709 889 cerebri,
741 800 883 874 nedum
918 800 1095 894 adversus
1130 805 1308 876 cerebelli

298 946 411 1010 usuS,
431 920 614 1017 consequi
639 941 749 1016 posse
774 917 982 992 videantur.
1004 921 1130 992 Nolim
1149 946 1308 1020 xquoque

299 1038 363 1114 hic
378 1038 585 1136 plurimum
602 1033 746 1106 tribuas
767 1033 995 1132 quibusdam
1019 1037 1194 1111 cerebelli
1208 1037 1307 1114 vitiis

299 1181 382 1254 quae
394 1155 577 1254 longiori,
591 1168 657 1224 ant
672 1155 806 1229 minus.
815 1154 931 1252 longo
944 1156 1098 1252 quidem
1113 1171 1308 1254 tempore,

300 1273 366 1347 sed
386 1288 486 1346 certe
504 1296 583 1344 non
597 1285 753 1368 repente
769 1268 876 1346 fiunt.
896 1273 1033 1344 Prioris
1057 1277 1205 1372 generis
1225 1274 1307 1349 haec

300 1403 396 1464 sunt.
417 1395 471 1460 Ex
498 1388 721 1460 Mancharto
745 1392 816 1484 (1),
845 1390 1012 1488 itemque
1034 1417 1080 1462 ex
1100 1394 1233 1464 Littrio
1250 1393 1306 1491 (a)
1344 1399 1351 1412 '

241 1547 242 1554 κ
298 1511 339 1580 in
357 1488 506 1581 dnobus
529 1506 820 1605 hydrocephalis
835 1510 963 1606 pueris
990 1509 1220 1582 cerebellum
1241 1529 1309 1585 aut

297 1627 515 1702 induratum
526 1677 536 1715 ,
547 1641 611 1698 aut
632 1625 866 1698 skirrhosum
885 1628 936 1698 sic
953 1641 1098 1717 tamen,
1116 1645 1158 1701 ut
1172 1631 1212 1700 in
1229 1629 1307 1701 hoc

298 1745 409 1832 bina,
436 1746 605 1843 quamvis
626 1746 774 1842 exigua,
798 1761 1036 1842 superessent
1053 1746 1138 1818 loca
1162 1748 1201 1816 in
1219 1748 1306 1844 qui-

298 1862 371 1934 bus
388 1861 616 1934 cerebellum
634 1861 843 1933 secundum
867 1875 1039 1933 naturam
1067 1886 1106 1934 se
1121 1861 1308 1954 habebat,
1368 1891 1376 1902 ·

298 1983 338 2052 in
359 1981 423 2052 illo
443 1996 567 2052 autem
586 1978 696 2051 lobus
713 1978 824 2069 alter,
840 1995 892 2056 ,ut
905 1981 1040 2054 minus
1060 1979 1232 2078 grandis,
1253 1982 1307 2054 ita

297 2101 424 2171 minus
437 2115 592 2196 quoque
604 2114 699 2170 esset
719 2096 856 2170 durus:
871 2121 921 2172 ..ex
937 2099 1090 2170 Brissaeo
1110 2097 1166 2195 (3)
1186 2097 1307 2172 durus

299 2241 453 2316 quoque
471 2231 619 2304 tumor,
642 2214 707 2286 sed
731 2216 771 2284 in
789 2213 915 2286 medio
944 2214 1133 2288 cerebello
1151 2231 1304 2288 enatus:

298 2363 344 2410 ex
362 2336 406 2406 cl.
428 2332 651 2406 Lieutaudio
675 2333 729 2429 (4)
755 2355 797 2416 os
817 2356 896 2404 non
914 2356 1074 2431 parvum
1094 2335 1192 2404 intra
1211 2332 1306 2405 alte-

297 2479 383 2526 rurn
412 2454 492 2548 ejus
510 2451 658 2522 lobum:
694 2475 739 2522 ex
756 2452 942 2549 Peyronio
969 2449 1024 2548 (5)
1053 2466 1176 2522 totum
1199 2474 1305 2522 cere·
1354 2481 1356 2488 ’

296 2572 439 2644 bellum
460 2571 500 2640 in
510 2568 770 2640 membranam
788 2592 1030 2660 conversum,
1062 2595 1144 2668 quae
1167 2591 1306 2666 corpus
1407 2615 1410 2622 ·

296 2687 489 2788 gallinacei
500 2689 561 2757 ovi
579 2684 1077 2784 magnitudineinvolvebat,
1092 2713 1137 2758 ex
1147 2685 1307 2784 glandu-
1324 2679 1326 2682 ⁵

294 2807 339 2878 lis
359 2804 551 2904 pluribus,
564 2804 742 2900 durisque
760 2818 1020 2900 compactum,
1040 2805 1145 2902 quod
1157 2807 1306 2902 potiuS,

259 3001 261 3004 ,
294 2926 334 2996 in
352 2949 513 3023 corpus,
531 2940 573 2995 ut
587 2925 633 2994 de
650 2921 806 2994 cerebro
823 2923 914 2994 olim
934 2923 1112 2996 accidisse
1130 2923 1302 3014 videtur,

296 3067 409 3140 quam
445 3045 484 3114 in
514 3041 616 3112 illam
650 3038 930 3133 membranam,
962 3039 1190 3113 cerebellum
1220 3065 1302 3114 esse

293 3176 501 3248 mutatum,
520 3174 556 3230 et
573 3157 641 3229 sub
655 3157 737 3254 ejus
753 3157 854 3229 larva
866 3157 1074 3247 delituisse,
1092 3157 1210 3256 aliqui
1224 3157 1302 3230 for·

294 3294 389 3350 tasse
410 3275 723 3375 suspicabuntur,
750 3269 830 3348 n'on
852 3299 957 3348 secus
977 3300 1019 3347 ac
1035 3275 1215 3374 quasdam
1237 3301 1302 3350 ce-

398 3594 474 3674 Eph.
487 3601 525 3655 N.
540 3601 572 3656 C.
589 3601 653 3657 dec.
668 3601 704 3669 3,
718 3605 754 3656 A.
769 3607 803 3670 4,
816 3601 882 3656 obs.
896 3599 944 3678 59.

396 3698 471 3754 Hist.
488 3699 523 3754 de
535 3699 647 3772 l'Acad.
660 3718 728 3774 roy.
743 3699 792 3754 des
804 3700 866 3769 Sc,
879 3717 928 3755 an.
942 3698 1032 3772 1705,
1046 3701 1112 3757 obs.
1125 3711 1204 3758 anat.
1221 3702 1267 3759 13.

395 3799 486 3875 Apud
498 3801 627 3856 Platner.
641 3797 710 3854 inst.
724 3799 798 3854 chir.
811 3799 914 3857 adnot.
929 3801 994 3870 ad§
1009 3799 1078 3866 548.
