2854 4660
198 441 266 491 am.
283 443 332 492 ιν.
355 445 401 492 na
415 441 551 492 uoaats
563 441 761 508 cernuae„
779 428 848 494 etc.
869 445 980 494 arrsr.
998 449 1028 494 ι.
1058 421 1123 498 321

127 556 177 628 ad
202 559 404 629 exostosim
434 572 559 630 secuta
582 555 680 630 hanc
705 559 772 646 sit,
801 583 849 630 an
884 566 1131 657 praecesserit,

127 676 199 750 tibi
216 678 496 774 conjiciendum
515 677 701 774 relinquo.
719 679 812 750 Satis
824 681 924 750 enim
945 704 1135 778 superque

130 794 181 866 de
198 796 313 867 osseis
329 795 561 880 tumoribus,
583 809 767 890 quantum
787 794 1013 893 adpraesens
1031 799 1138 870 insti-

130 927 257 984 tutum
267 913 422 1000 attinet,
446 911 635 1009 scripsisse
655 936 715 982 me
737 913 881 1000 sentio,
899 914 1055 1011 jamque
1071 914 1139 987 has

133 1029 277 1100 litteras
297 1029 395 1100 ultra
413 1053 500 1100 euna
525 1053 640 1125 quern
669 1029 776 1098 initio
804 1043 1041 1126 putaveram,
1058 1056 1139 1103 mo·

113 1153 118 1159 '
135 1146 228 1218 dum
244 1145 356 1244 longe
378 1148 593 1218 excrevisse.
615 1149 691 1216 Nec
709 1161 833 1218 tamen
853 1149 958 1246 attigi
973 1164 1141 1224 tumores

136 1278 295 1336 cunctos
312 1263 369 1336 vel
386 1289 432 1336 ex
450 1264 494 1336 iis
509 1265 576 1361 qui
593 1264 632 1334 in
645 1279 746 1336 artus
764 1261 962 1340 inferiores
981 1268 1142 1338 maxime

137 1380 301 1470 cadunt,
328 1381 473 1478 quibus
493 1382 533 1450 in
560 1379 718 1454 artubus
745 1383 946 1454 novissime
973 1383 1143 1472 substiti,

140 1497 352 1594 cujusmodi
367 1501 466 1572 inter
485 1514 636 1572 caeteros
653 1501 795 1571 varices
814 1515 924 1590 sunt,
942 1500 1145 1590 oedemata,

139 1631 179 1687 et
196 1617 337 1714 pedum
352 1617 464 1706 clavi;
488 1617 635 1690 tametsi
654 1617 837 1705 viderim,
861 1619 986 1690 nullos
1019 1645 1064 1690 ex
1087 1618 1146 1691 lais

140 1757 222 1807 esse
250 1736 289 1805 in
317 1734 553 1832 Sepulchreti
584 1734 660 1806 huc
693 1734 947 1832 respondente
980 1739 1145 1810 sectione

139 1851 419 1950 pretermissos.
451 1852 523 1924 Sed
540 1851 587 1922 de
607 1852 794 1925 varicibus
816 1851 1056 1925 nihil'ferme
1078 1853 1146 1924 ha-

139 1969 279 2042 bebam
313 1969 418 2068 quod
451 1970 608 2068 dignum
649 1983 744 2045 esset
778 1955 1040 2058 adnotatione,
1076 1967 1148 2043 nisi

143 2085 241 2160 forte
258 2087 305 2160 ad
318 2087 492 2160 Bidloum
513 2089 567 2185 (ι)
583 2088 738 2183 rejicere
767 2103 803 2158 te
825 2088 981 2175 vellem,
1010 2104 1053 2158 ut
1078 2090 1148 2158 im·

143 2229 295 2276 inanem
310 2205 563 2303 quorumdam
577 2206 743 2300 varicum
754 2204 1053 2303 magnitudinem
1068 2229 1150 2304 cog-

116 2315 120 2322 ’
145 2345 344 2411 nosceres;
369 2322 553 2420 adquam
578 2323 654 2419 jam
682 2323 834 2420 quidem
859 2306 992 2394 factam
1010 2322 1149 2393 intelli-

114 2451 116 2456 '
145 2439 329 2536 gendum,
348 2442 562 2512 tunicarum
591 2465 694 2510 venae
727 2441 936 2526 laxitatem,
966 2440 1042 2512 sive
1073 2453 1149 2510 ato·

144 2557 248 2628 niam
265 2581 407 2657 ponere
424 2583 575 2631 necesse
594 2574 673 2646 est,
700 2559 943 2631 violentiores
975 2559 1150 2630 exercita·

145 2677 288 2766 tiones,
308 2676 564 2748 diuturniores
594 2677 790 2765 stationes,
823 2677 1038 2773 graviorum
1065 2701 1153 2749 one·

147 2819 235 2880 rum
268 2795 513 2892 gestationes,
543 2809 579 2866 et
606 2793 779 2866 adversas
808 2795 928 2865 motui
959 2796 1151 2892 sanguinis

149 2899 455 2999 constrictiones,
470 2912 833 3009 compressionesve,
849 2911 965 2983 aliave
977 2911 1016 2982 id
1032 2909 1165 3009 genus

149 3045 455 3127 consequentem.
476 3030 533 3100 Ad
556 3053 637 3100 eam
664 3053 754 3100 vero
781 3053 864 3127 quae
887 3028 969 3099 fieri
997 3029 1152 3126 incipit,

146 3144 404 3218 dilatationem
419 3147 692 3244 assequendam
712 3173 792 3218 non
812 3148 969 3218 attinere
988 3145 1153 3217 valvula-

148 3289 236 3336 rum
253 3265 464 3352 laxitatem,
493 3266 578 3361 quis
597 3263 807 3334 concedat?
828 3267 910 3332 Irno
934 3261 982 3333 ad
1001 3263 1154 3360 pervul-

150 3398 276 3482 gatum
296 3382 528 3454 valvularum
550 3378 735 3469 officium,
767 3380 842 3450 huc
867 3381 1025 3471 maxime
1048 3405 1154 3477 spec-

146 3515 251 3587 tans,
263 3499 423 3570 alterum
440 3499 657 3571 addendum
670 3497 894 3570 crediderim
914 3497 1049 3568 eodem
1066 3523 1153 3596 per-

147 3617 292 3704 tinens,
311 3618 491 3688 nimirum
510 3631 550 3688 ut
569 3615 808 3687 vinculorum
823 3616 958 3704 instar,
979 3617 1054 3688 sive
1070 3617 1156 3714 liga·

189 3983 233 4066 (r)
255 3988 327 4078 Dec.
345 4005 377 4060 r,
393 3988 605 4046 exercituum.
619 3983 693 4044 chir.
706 3988 735 4043 6.

223 4082 261 4158 6.
