2872 4660
141 434 204 480 LIB.
233 433 287 484 111.
317 433 362 480 DE
387 431 525 480 MORBIS
544 426 715 496 vultum,
740 432 853 480 istst.
880 433 1007 480 XLVIII.
1043 433 1086 505 91

96 548 204 647 possit
221 546 400 646 chirurgo
424 547 492 646 qui
509 547 608 619 intra
624 547 789 620 calentes
805 547 971 619 mulieris
985 549 1091 620 iocos
1156 555 1158 560 ’
1242 533 1248 540 ’

97 667 223 764 digitos
239 665 287 738 ab
308 691 424 764 opero
443 667 546 764 ipso,
561 680 601 736 et
618 664 813 764 quoeioudi
830 664 959 738 labore
978 664 1091 736 fervi-

97 785 157 858 dos
169 787 381 862 inseruerit
396 777 525 880 Quum
549 785 596 858 od
615 784 807 856 vitandam
824 782 1006 856 fallaciam
1026 809 1091 857 eos

95 904 199 978 laudo
215 907 281 1003 qui
296 905 521 1004 chirurgos]
531 903 827 993 admonuerunt,
839 920 882 976 ut
892 905 1004 977 simui
1014 929 1094 1003 per·

97 1038 284 1121 ceptorum
303 1023 357 1138 ob⁸
372 1048 451 1097 seso
467 1023 667 1122 pulsuum,
683 1023 800 1094 simul,
813 1047 971 1095 suouum
992 1047 1094 1120 quos

96 1144 259 1240 io'.carpo
277 1141 395 1226 aitoro
416 1140 771 1214 animadvertendus
790 1166 811 1212 a
830 1141 1011 1239 quopiam
1027 1164 1094 1212 cu-

96 1273 165 1346 ist,
197 1283 402 1335 fluuiorum
431 1256 625 1348 conterat,
658 1272 701 1330 ut
723 1259 755 1330 si
786 1257 886 1330 idem
919 1259 981 1346 sit,
1016 1255 1093 1330 falli

101 1402 135 1450 so
157 1377 370 1476 intelligat3
395 1377 455 1450 siu
476 1391 609 1450 contra
636 1402 715 1448 non
746 1374 833 1448 falti.
859 1381 1002 1449 Verum
1024 1378 1095 1448 etsi

96 1494 129 1566 id
147 1496 251 1593 quod
281 1495 465 1586 diximus,
486 1511 634 1568 cortun
655 1489 731 1586 ost,
750 1521 829 1566 oon
848 1510 974 1586 tamen
1003 1519 1095 1566 oon·-

95 1613 193 1684 tinuo
230 1614 426 1711 soquitito,
460 1615 491 1686 si
531 1615 665 1712 pulsus
694 1613 823 1686 nullus
853 1615 926 1700 sit,
960 1610 1095 1684 foetum

96 1755 165 1804 esso
188 1721 408 1820 mortuum
426 1732 608 1829 langneio
626 1733 725 1804 enim
750 1733 909 1804 maxime
932 1747 1024 1807 tunc
1041 1731 1097 1802 vi-

97 1872 150 1922 ros
172 1865 352 1948 possunt,
378 1849 443 1922 sed
460 1850 700 1934 monodire.
726 1855 837 1922 Extra
854 1865 1006 1924 uterum
1031 1874 1098 1921 au-

97 1980 164 2040 tem
181 1967 457 2067 propendentis
475 1965 654 2059 funiculi,
674 1984 737 2041 aut
754 1983 856 2042 artus
874 1993 944 2041 neo
966 1968 1098 2067 pulsus

97 2085 236 2174 nulius,
258 2110 329 2158 noo
348 2083 489 2184 frigus,
508 2110 580 2158 nec
596 2087 693 2157 livor
711 2087 799 2159 satis
820 2086 917 2185 signi
934 2085 1027 2167 dant
1045 2087 1100 2156 in-

97 2199 197 2276 tantis
214 2204 388 2292 ostinoti3
403 2229 489 2274 nam
506 2206 605 2276 intra'
617 2205 802 2276 contracti
819 2205 959 2276 uterini
976 2203 1098 2276 osculi

98 2325 279 2421 augustias
305 2323 356 2394 ito
384 2322 580 2396 constricti
605 2345 685 2395 esse
708 2334 890 2422 possunt,
915 2335 978 2409 ut,
999 2322 1029 2392 si
1046 2346 1101 2392 αυ-

102 2452 174 2510 tum
194 2441 253 2512 vol
273 2463 471 2538 gauguaena
492 2443 683 2539 corripere
707 2440 878 2539 incipiat,
904 2439 952 2510 ab
977 2463 1100 2537 eoque

107 2554 263 2632 cuticula
278 2556 729 2658 ohsoederetpericulum
745 2558 899 2657 quidem
913 2581 1102 2632 summum

97 2675 131 2744 iu
150 2699 226 2771 quo
239 2676 316 2746 vito
332 2692 522 2764 versetur,
536 2675 735 2754 manifesto
753 2692 898 2777 pateat3
912 2678 1023 2748 vitam
1042 2701 1103 2746 au·

97 2803 165 2866 tem
184 2794 262 2890 jam
287 2819 445 2891 prorsus
463 2793 632 2882 desiisse,
648 2819 719 2893 pro
742 2809 846 2867 certo
866 2819 945 2870 non
964 2808 1099 2891 pateat.

97 2910 182 2982 Sauo
201 2911 431 2990 Uratislaviae
461 2913 531 2984 etsi
559 2911 729 3001 lividum,
755 2927 793 2983 ot
809 2909 999 3006 frigidum
1021 2923 1102 2982 erat

97 3029 335 3126 poopondons
349 3028 504 3104 infantis
514 3029 734 3117 bruchium,
750 3045 811 3115 ut,
830 3043 1007 3126 tunquam
1020 3053 1103 3126 pro·
1117 3049 1125 3062 ¹

98 3146 153 3216 oui
165 3147 284 3220 dubio
295 3150 456 3238 mortui,
471 3147 745 3248 amputandum
757 3173 769 3242 J
776 3145 1006 3233 udicaretur3
1021 3147 1102 3243 ipse

98 3274 218 3336 tamen
240 3272 352 3337 tortia
367 3265 429 3338 die
447 3273 553 3340 vivus
573 3265 696 3338 editus
713 3265 790 3360 est(
817 3265 841 3360 ).
961 3360 966 3369 s

139 3387 197 3470 41.
227 3389 403 3457 Attamen
425 3385 493 3459 ubi
526 3401 591 3458 aut
612 3387 693 3484 ipsa
724 3383 955 3456 evidentium
976 3401 1103 3454 causa·

98 3520 175 3573 rum
185 3555 195 3589 ,
207 3518 245 3574 et
258 3527 385 3574 rerum
398 3506 530 3592 scoies,
546 3519 611 3576 aut
620 3503 820 3601 pleraque,
838 3515 874 3571 ot
888 3499 1102 3571 constantia

97 3618 263 3710 quidem,
278 3637 341 3692 aut
356 3623 527 3719 graviora
546 3623 672 3720 signa,
691 3635 734 3691 ut
754 3617 960 3691 cuticulaee
980 3617 1102 3715 oapite

97 3727 267 3809 fooillima
299 3737 502 3828 abscessio,
529 3736 670 3816 humor
696 3761 742 3810 ex
769 3752 884 3808 utero
914 3734 1104 3806 destillans
1213 3799 1217 3808 .

99 3889 1111 3924 mmmm

133 4009 175 4090 (¹)
195 4015 274 4090 Eph·
289 4017 326 4074 N.
338 4017 369 4074 C.
386 4027 463 4074 cent.
480 4017 514 4092 3,
529 4018 595 4076 obs.
611 4015 646 4090 57
664 4016 697 4074 iu
709 4013 780 4072 fine.
