2946 4662
276 497 346 589 452
462 511 508 563 on
534 509 679 561 scurrus
705 510 749 555 rr
774 504 898 554 cans1s
923 501 1133 551 noanonurr

274 638 366 733 nino
378 627 654 711 concidissent,
673 621 801 692 videre
818 633 935 716 potes.
955 616 1076 687 Multo
1091 613 1280 688 difficilius

256 767 370 825 -csset
391 744 596 844 objectioni
626 735 833 813 satisfacere
856 759 969 833 quam
1000 731 1101 824 apud
1130 757 1279 830 gravem

274 866 476 968 quemdam
490 876 686 933 auctorem
706 855 838 952 legisse
854 851 1024 938 memini3
1043 851 1278 946 nequeenim
1355 859 1357 866 '

274 989 360 1085 quis
386 981 517 1068 fuerit,
534 975 726 1050 recordari
750 996 853 1041 nunc
876 994 1054 1068 possum;
1083 993 1220 1069 nempe
1241 969 1279 1036 in

274 1103 372 1190 fure,
390 1101 496 1197 cujus
522 1093 773 1165 infirmissima
796 1103 874 1158 erat
904 1086 1107 1171 memoria,
1131 1084 1279 1156 nullum

275 1220 452 1294 cerebelli
478 1213 675 1310 vestigium
702 1233 723 1278 a
748 1208 952 1278 Benivenio
969 1218 1160 1302 repertum
1181 1227 1282 1290 esse,

274 1341 345 1410 nisi
367 1333 591 1408 Benivenius
607 1327 660 1424 (1)
671 1327 749 1396 haec
767 1339 914 1394 tantum
929 1322 1156 1418 scripsisset,
1169 1318 1282 1392 luisse

274 1461 314 1529 in
340 1482 385 1526 co
406 1452 487 1523 fure
504 1452 753 1548 posteriorem
774 1445 907 1540 capitis
918 1455 1091 1537 partem,
1128 1439 1192 1509 ubi
1206 1463 1284 1508 me-

275 1579 405 1646 morz'ae
424 1567 526 1640 sedes
541 1581 607 1653 est,
631 1562 728 1633 adeo
748 1562 912 1646 brevem,
933 1572 974 1628 ut
987 1553 1175 1626 tantillam
1190 1579 1284 1625 cere-

276 1693 337 1764 bri
343 1682 627 1788 portiunculam
655 1683 860 1750 contineret
868 1703 880 1761 ;
912 1689 953 1744 ut
980 1675 1097 1769 siquis
1119 1671 1168 1742 ob
1190 1673 1285 1742 anti·

274 1833 388 1907 quam
408 1805 508 1876 illam
536 1802 582 1872 de
609 1797 798 1869 memoria
821 1791 907 1864 sede
936 1789 1213 1877 credulitatem,
1236 1790 1284 1860 de

275 1922 464 1998 cerebello
485 1922 746 2019 potiusquam
776 1911 822 1982 de
850 1909 1029 1997 cerebro,
1057 1909 1225 2005 accipere
1243 1905 1283 1976 id

276 2044 387 2129 velit,
415 2065 493 2110 non
525 2053 649 2108 tamen
681 2031 839 2102 omnino
866 2023 1027 2098 defuisse
1054 2023 1282 2097 cerebellum

277 2173 464 2260 agnoscat.
484 2159 573 2246 Quae
598 2151 724 2223 omnia
755 2173 841 2218 cum
869 2149 919 2216 ita
938 2147 1031 2233 sint,
1062 2143 1142 2214 haec
1173 2138 1284 2242 sepo·

275 2302 428 2361 namus,
447 2290 483 2344 et
499 2273 589 2340 illue
612 2267 714 2338 unde
729 2264 985 2336 controversia
1005 2277 1041 2332 et
1062 2277 1148 2331 nata
1162 2275 1233 2350 est,
1246 2275 1285 2332 et

276 2395 403 2468 dirimi
420 2390 566 2462 facilius
587 2399 711 2486 potest
730 2384 949 2469 redeuntes;
968 2405 1048 2450 non
1065 2379 1186 2468 leves,
1206 2403 1282 2450 eas·

276 2539 350 2612 que
374 2508 588 2606 repentinas
619 2501 795 2574 cerebelli
829 2497 998 2570 laesiones
1022 2523 1108 2569 cum
1137 2496 1284 2568 cerebri

275 2656 355 2703 non
375 2623 540 2709 levibus,
566 2621 662 2709 imo,
687 2621 716 2692 si
736 2619 813 2706 vis,
833 2619 944 2688 etiam
976 2615 1228 2713 gravioribus,
1247 2629 1291 2686 et'

251 2784 252 2789 ¹
276 2744 485 2845 repentinis
510 2738 740 2824 laesionibus,
755 2733 884 2832 quales
902 2759 922 2804 a
939 2732 1160 2806 vulneribus
1180 2748 1287 2822 sunt,

279 2885 551 2960 comparemus.

327 3004 385 3075 27.
398 2974 551 3048 Cerebri
569 2994 647 3042 esse
657 2966 826 3065 quaedam
834 2967 1009 3054 vulnera,
1026 2991 1108 3064 quae
1121 2967 1283 3036 mortem

279 3099 494 3170 citissimam
519 3087 695 3174 aflerant,
724 3111 804 3155 non
830 3083 945 3154 modo
976 3099 1128 3163 nonest
1145 3108 1286 3180 negan-

279 3217 393 3302 dum,
422 3209 487 3283 sed
507 3203 721 3277 mirandum
741 3218 796 3274 est
817 3203 943 3300 potius
960 3200 1069 3287 duas,
1090 3199 1193 3270 haud
1208 3225 1286 3270 am·

278 3335 396 3433 plius,
409 3327 690 3400 observationes
709 3321 856 3391 iuhanc
876 3345 956 3390 rem
973 3318 1155 3389 indicatas
1169 3343 1248 3390 esse
1261 3343 1284 3389 a

191 3471 196 3476 “
279 3446 508 3550 quibusdam
522 3440 783 3514 eruditissimis
795 3438 953 3525 viris‚in
973 3461 1133 3534 quarum
1149 3451 1285 3507 neutra
1332 3465 1335 3472 ·

192 3622 202 3626 -
278 3591 381 3640 mors
399 3579 521 3634 statim
548 3573 674 3632 secuta
698 3573 776 3644 est3
803 3579 889 3624 cum
923 3581 968 3626 ex
997 3569 1053 3626 tot
1085 3569 1284 3625 auctorum

277 3681 670 3786 praestantissimorum
686 3672 1097 3771 experimentiscontra
1109 3673 1286 3770 ignorare

274 3892 1285 3924 *W

315 4055 359 4133 (ι)
380 4055 425 4110 De
437 4052 530 4110 addit.
544 4050 679 4106 nonnull.
692 4067 726 4105 ac
739 4046 867 4105 mirand.
880 4045 993 4116 mech„
1008 4057 1062 4102 etc.
1076 4044 1181 4115 causis,
1195 4065 1220 4102 c.
1234 4046 1284 4121 89.
