2872 4660
185 465 254 511 mn.
283 461 339 508 ιιι.
367 451 763 513 percurreremus,
790 457 900 506 errsr.
928 461 1056 512 xtvtu.
1084 441 1130 537 dp

124 577 261 664 fuerit,
289 573 396 673 quod
415 556 528 644 cansa
550 569 621 642 alia
638 571 782 669 aliqua,
810 589 967 649 conatus
991 577 1075 651 illos
1094 581 1135 653 in

124 689 392 780 transferendo
404 687 575 789 pondere
593 699 811 777 consecuta,
828 687 991 764 indicata
1010 711 1136 770 autem

125 826 298 912 apertus
327 807 621 895 acceleratione,
649 803 802 876 videtur
830 808 1001 897 auaisse;
1036 828 1137 888 certe

127 929 342 1004 observatio
356 925 437 997 haec
454 940 721 1007 utnumerum
736 944 869 998 earum
886 925 1046 1028 adauget
1056 923 1140 1029 qul:

127 1048 202 1121 bus
239 1047 416 1116 nituntur
459 1039 736 1114 contendentes
786 1040 1001 1139 placentam
1039 1070 1140 1119 nun-

129 1185 246 1264 quam
266 1185 348 1235 esse
367 1162 406 1231 in
425 1173 535 1230 utero
550 1155 866 1255 relinquendam:
895 1160 945 1232 ita
962 1163 1143 1260 Ruyschil

131 1303 289 1381 qnoque
305 1276 470 1363 asseclis,
485 1299 566 1348 non
584 1297 691 1348 secus
707 1297 750 1344 ac
763 1285 843 1347 tres
852 1300 948 1374 quas
958 1279 998 1349 in
1011 1282 1144 1379 Sepul-

131 1399 265 1474 elrreto
288 1394 407 1468 habes
425 1393 592 1466 sectione
611 1391 683 1464 hac
709 1395 897 1466 xxxvm
916 1394 994 1494 (ι),
1014 1419 1144 1470 ansam

130 1519 195 1591 dat
214 1515 262 1588 ad
280 1511 568 1612 reponendum,
599 1526 692 1582 tunc
709 1510 841 1582 saltem
877 1537 957 1583 non
990 1537 1071 1588 esse
1097 1515 1145 1588 ad

132 1635 315 1735 placenta
327 1629 597 1702 extractionem
614 1627 917 1726 properandum,
937 1655 1028 1702 cum
1044 1647 1146 1706 arcte

132 1751 230 1824 adeo
247 1763 305 1822 est
317 1761 428 1821 utero
444 1769 610 1826 annexa,
627 1759 669 1816 ut
681 1745 742 1815 vix
759 1761 903 1844 posset,
919 1747 1015 1821 sicut
1028 1750 1068 1820 in
1076 1751 1147 1822 ista

137 1868 319 1960 muliere,
347 1865 460 1937 cultri
484 1863 597 1938 etiam
627 1885 715 1962 ope,
744 1865 930 1961 separari:
946 1864 1021 1937 hoc
1046 1869 1147 1938 enim

119 1982 304 2060 'votuisse
329 1979 562 2080 Ruyschium
587 1982 663 2078 (a),
684 2005 772 2052 cum
803 1981 850 2052 ad
879 1984 1149 2060 extractionem

137 2099 425 2180 decurrendum
451 2123 533 2170 non
552 2121 631 2170 esse
646 2099 823 2186 monuit,
844 2099 875 2170 si
898 2099 1072 2196 placenta
1097 2106 1151 2170 ita

37 2263 40 2270 «
132 2216 1148 2318 firnriterkaereatutero,ut,nisiexpertustpse‚nemo

139 2336 348 2411 crediturus
365 2339 435 2422 sit3
452 2332 633 2404 nimirum
656 2333 687 2404 si
701 2337 756 2402 t'to
778 2346 1083 2421 teneat'uterum,
1106 2348 1152 2406 cc

140 2463 174 2529 ci
194 2453 254 2528 itlt
275 2457 538 2526 concrevisset:
566 2475 637 2522 uec
666 2475 755 2523 vero
785 2451 874 2549 ipsi,
904 2475 1070 2550 cumque
1094 2476 1153 2524 se-

140 2570 352 2673 quentibus
368 2569 532 2643 vicissim
549 2567 678 2642 deesse
688 2558 972 2642 observationes
984 2555 1154 2668 gravium

143 2691 484 2777 detrimentorum,
512 2701 625 2786 atque
657 2685 753 2759 adeo
775 2687 907 2760 mortis
924 2709 1155 2788 appropera-

144 2827 210 2900 te,
226 2807 469 2880 extractionis
488 2805 708 2878 violentiam
729 2819 947 2879 consecutae.
967 2807 1154 2906 Equidem

143 2953 228 3003 non
252 2923 348 2997 milri
367 2939 516 2996 tantum
537 2945 665 3013 sumo,
681 2938 723 2994 ut
739 2947 969 3022 componam
996 2926 1078 2998 lites
1092 2949 1156 2997 ve-

147 3060 286 3132 tustas,
302 3057 339 3114 et
357 3041 579 3141 priusquam
594 3043 694 3114 inter
705 3041 826 3113 multo
837 3044 1069 3116 recentiores
1087 3047 1158 3142 agi·

150 3175 324 3238 urentur
361 3160 463 3233 inter
505 3172 690 3231 nostrates
704 3189 722 3248 ,·
748 3157 857 3231 editis
887 3160 928 3228 in
958 3174 1158 3257 utramque

152 3295 299 3380 partem
314 3278 462 3376 scriptis
478 3276 650 3376 plurimis
667 3275 720 3374 (3)
736 3275 827 3346 hinc
844 3302 865 3346 a
883 3277 1160 3366 Monilia‚inde

154 3423 175 3468 a
191 3395 436 3482 Ramazzin0‚
452 3395 493 3464 in
511 3394 667 3492 longum
679 3409 828 3492 tempus
844 3393 1058 3492 productas.
1082 3401 1163 3468 Hoc

155 3529 305 3588 tantum
330 3512 472 3599 dicam,
500 3521 635 3610 magna
648 3536 771 3611 prore
790 3509 953 3583 natahic
973 3535 1068 3612 opus
1086 3537 1166 3586 esse

198 3809 589 3892 (t)0bs·10,§1,a‚3.

199 3911 245 3992 (a)
259 3911 391 4004 ‘Advers
405 3913 484 3966 anat.
497 3909 561 3966 dec.
575 3927 610 3982 a,
627 3926 658 3966 n.
674 3909 793 3969 ulline.

204 4013 248 4094 (3)
268 4013 315 4070 De
330 4010 378 4069 his
389 4009 452 4068 vid.
465 4009 558 4085 Epist.
574 4009 608 4082 8,
626 4029 658 4066 u.
669 4027 717 4083 29.
