2854 4660
317 425 388 500 336
482 447 528 494 nn
554 445 700 494 sumnus
726 445 769 492 m
795 443 920 494 crusis
945 445 1158 496 nonnonmu

318 566 452 649 vione,
476 585 553 630 non
569 557 799 657 perfractum
821 560 1010 648 cranium,
1026 575 1063 632 ct
1079 562 1207 657 majus
1230 559 1325 632 inter

318 678 415 767 hoc,
435 676 709 774 cerebrumque
738 676 989 748 intervallum.
1019 678 1240 750 Ludovicus
1259 681 1327 750 Du-

319 811 422 868 retus
441 793 499 892 (ι)
516 793 562 866 ad
581 793 911 867 illumCoacarum
927 795 1074 868 locum:
1094 799 1235 894 quibus
1249 820 1327 866 con·¹

322 939 467 988 cussum
496 926 551 983 est
572 913 781 998 cerebrum,
813 910 1009 1009 doluitque
1029 919 1242 1011 percussis,
1268 928 1331 986 aut

252 1014 259 1026 ’
322 1032 464 1130 lapsis‚·
488 1033 667 1100 continuo
685 1052 779 1102 voce
799 1034 902 1125 capti
910 1052 987 1098 nou
1008 1027 1158 1114 uident,
1182 1053 1254 1100 nec
1273 1054 1322 1100 au

323 1147 449 1230 diunt,
470 1171 516 1217 oc
531 1147 622 1238 sere
640 1150 870 1232 moriuntur,
897 1146 983 1216 satis
1002 1144 1168 1234 indicat,
1188 1162 1331 1243 quanto

219 1249 222 1256 ⁵
274 1287 278 1294 ·
324 1265 578 1364 opportunius
595 1263 837 1336 concussioni
865 1263 912 1334 sit
939 1261 1164 1352 cerebrum,
1183 1269 1220 1336 si
1234 1266 1332 1352 forte

318 1387 487 1480 priscam
505 1385 673 1450 amiserit
684 1381 890 1450 ubertatem
899 1395 1111 1477 qumtotam
1125 1379 1332 1452 calvarium

325 1499 546 1596 occupabat.
564 1501 667 1570 Hauc
680 1512 805 1570 autem
823 1497 1032 1570 ubertatem
1048 1498 1297 1596 Falloppius(
1320 1498 1332 1593 )
1417 1513 1418 1530 ¹

326 1630 473 1687 utnon
503 1638 607 1686 secus
635 1637 678 1684 ac
712 1615 907 1686 Fernelius
935 1613 992 1712 (3)
1023 1615 1062 1684 in
1095 1615 1334 1711 pleniluniiS,

328 1731 481 1832 quando
507 1731 599 1806 luna
624 1731 721 1802 lucet
746 1746 827 1802 tota
857 1746 981 1818 nocte,
1014 1731 1248 1829 agnoscebat
1288 1735 1335 1806 sic

330 1847 484 1950 quando
526 1873 602 1920 non
637 1863 692 1920 est
719 1847 992 1954 plenilunium,
1018 1847 1229 1922 calvarium
1262 1875 1336 1922 non

326 1991 485 2068 prorsus
509 1965 647 2066 repleri
670 1992 695 2036 a
718 1967 889 2054 cerebro,
918 1966 987 2036 sed
1011 1964 1143 2038 adesse
1172 1975 1337 2066 spatium
1416 1999 1417 2016 ¹

21 2077 30 2087 ’
61 2133 118 2181 ”x
331 2084 508 2181 aliquod,
531 2100 568 2156 ec
592 2109 689 2156 oasa
715 2107 803 2180 qum
828 2082 1026 2180 colligant,
1062 2109 1137 2156 esse
1163 2085 1337 2182 aliquan·

152 2278 155 2286 ,
211 2219 299 2304 ³3
334 2201 451 2274 tulum
468 2201 666 2290 distructa,
681 2199 889 2272 affirmabat
912 2225 988 2274 esse
1009 2205 1267 2289 verissimum,
1285 2203 1338 2274 id·

257 2343 261 2350 ’
309 2314 410 2420 “que
431 2344 469 2392 se
481 2325 518 2390 in
528 2317 806 2402 dissectionibus
819 2320 1195 2412 observarisse.Quod
1214 2346 1265 2392 an
1282 2322 1339 2394 alii

334 2455 465 2540 postea
486 2438 704 2523 anatomici,
731 2461 810 2508 nou
831 2437 956 2510 verbis
984 2454 1153 2526 tantum,
1190 2457 1236 2514 ut
1263 2443 1340 2512 Pic-

336 2555 638 2642 colhominus‚a
669 2580 728 2624 me
749 2554 818 2626 tibi
838 2555 927 2627 alius
956 2557 1031 2653 (4),
1064 2582 1149 2628 cum
1177 2559 1219 2630 in
1243 2557 1341 2630 hunc

339 2673 514 2746 eumdem
533 2672 748 2744 incidissem
769 2697 1004 2762 sermonem,
1024 2677 1268 2765 nominatus,
1286 2675 1344 2750 sed
1419 2759 1420 2762 Ἴ

339 2790 520 2864 accuratis
568 2789 895 2866 observationibus
936 2789 1223 2882 confirmarint,
1273 2821 1344 2868 non
1419 2805 1420 2818 ¹

292 2917 294 2923 ’
339 2909 518 2996 memini,
534 2909 681 2979 tametsi
701 2934 743 2980 ea
761 2908 997 2982 confirmatio
1015 2909 1123 2983 valde
1135 2936 1344 3011 congruere

340 3025 630 3098 cumsententia
648 3024 801 3097 illorum
820 3031 1003 3126 potuisset
1031 3029 1098 3125 qui
1126 3053 1200 3126 pro
1240 3033 1344 3102 variis

340 3145 438 3214 lunae
464 3141 644 3241 phasihus
674 3145 815 3216 variam
843 3146 1066 3218 morborum
1092 3149 1191 3234 vim,
1217 3150 1344 3248 cupitis

343 3262 573 3360 praesertim,
598 3262 820 3360 variumque
839 3287 883 3334 ex
906 3263 1020 3360 hujus
1033 3265 1263 3339 vulneribus
1288 3292 1344 3364 pe·

344 3380 507 3450 riculum
536 3402 615 3450 esse
639 3404 718 3450 non
736 3379 970 3454 dubitabunt.
1009 3384 1168 3454 Memini
1197 3400 1343 3472 tamen,

344 3558 1346 3585 uma-*m

400 3677 880 3755 1)moemmcL3Anmc2.

416 3777 428 3855 )
450 3779 549 3834 Tract.
562 3778 599 3835 dc
610 3779 725 3834 vulner.
740 3799 766 3836 c.
783 3799 829 3837 ια.

449 3878 564 3934 Pathol.
580 3880 599 3934 l.
615 3897 643 3949 7,
656 3898 682 3934 c.
697 3879 725 3936 8.

384 3675 396 3750 (

385 3776 415 3852 (2

385 3875 428 3956 (3)

299 4042 302 4052 ,
385 3979 430 4056 (4)
450 3978 544 4054 Epist.
561 3984 597 4048 4,
619 3997 651 4034 n.
667 3978 714 4036 32.
