2854 4660
286 407 358 488 350
454 434 500 480 oa
526 431 672 480 mutuus
697 429 742 479 er
767 429 892 480 causes
916 431 1129 482 nonnosum

287 565 396 622 mata.
421 547 563 644 Viginti
583 545 732 618 circiter
765 547 902 620 exactis
934 546 1090 637 diebus,
1116 575 1203 624 cum
1223 553 1299 650 jam

287 668 447 740 multum
469 664 540 737 sibi
557 665 596 734 iu
615 664 801 736 alimentis
827 663 1063 755 indulsisset,
1090 667 1210 743 febris
1239 698 1300 744 ac·

287 787 395 857 cessit
413 780 607 870 horrifica,
628 807 707 878 que
730 781 876 880 pluries
890 787 1127 858 recurrendo
1154 812 1299 886 regrum

285 902 500 1004 torquebat.
531 906 657 998 Aqua
675 901 745 972 etsi
766 900 954 998 liberatus
974 919 1049 991 est,
1072 904 1228 978 detecto
1247 923 1301 980 ta-

285 1047 373 1094 men
392 1023 431 1092 in
450 1021 608 1092 vulnere
628 1019 703 1090 ossi
725 1041 922 1115 nunquam
945 1021 1074 1118 quoad
1098 1024 1214 1113 vixit,
1242 1027 1301 1096 in-

286 1140 375 1212 duci
397 1140 550 1210 cicatrix
572 1137 708 1235 potuit.
744 1139 831 1208 Post
857 1161 919 1208 eas
941 1135 1068 1212 febres
1096 1137 1214 1215 tussis
1244 1146 1300 1214 iu·

286 1273 457 1357 grueret,
482 1281 566 1354 quae
585 1257 683 1326 sicca
707 1253 773 1324 diu
794 1251 890 1343 fuit,
917 1255 1040 1329 donec
1068 1255 1210 1348 hiduo,
1238 1278 1300 1334 out

286 1377 414 1448 triduo
426 1390 513 1446 ante
531 1388 692 1444 mortem
708 1385 817 1468 sputa
830 1373 1181 1471 eduxitpurulcnta.
1203 1383 1299 1450 Gau-

287 1517 410 1591 graena
427 1492 578 1586 interim
598 1514 643 1560 ex
661 1489 777 1587 longo
799 1487 979 1564 decubitu
1000 1508 1107 1565 netes
1132 1519 1298 1594 occupa·

285 1626 416 1682 verat:
444 1624 700 1707 praetereaque
719 1608 782 1676 illa
811 1633 892 1704 quae
912 1608 1060 1680 obitum
1089 1617 1300 1708 praecessit,

287 1744 399 1800 nocte
415 1727 631 1817 ‚abscessus
643 1729 682 1796 in
697 1725 812 1797 dorso
831 1728 965 1824 ingens
983 1743 1039 1800 est
1060 1731 1299 1804 animadver-

285 1872 366 1920 sus:
385 1848 449 1944 qui
469 1871 536 1945 per
555 1871 593 1918 se
609 1845 803 1942 disruptus
823 1869 997 1943 maguam
1017 1849 1124 1944 puris
1146 1852 1298 1948 copiam

284 1963 426 2036 effudit.
446 1969 601 2062 Itaque,
620 1965 700 2034 sine
720 1963 797 2034 ulla
814 1965 946 2061 capitis
968 1967 1162 2036 actionum
1188 1969 1299 2040 laesio

283 2083 537 2171 11e‚secundo
563 2096 740 2179 superato
759 2107 912 2170 mense,
931 2085 1084 2155 interiit.
1126 2069 1298 2159 Cedaver

284 2217 321 2273 et
337 2200 384 2272 ab
403 2201 520 2298 longo
534 2199 726 2296 ejusmodi
744 2199 899 2288 morbo,
930 2217 967 2272 et
993 2227 1015 2272 a
1043 2227 1172 2290 mora,
1208 2207 1298 2302 qnia

283 2345 362 2391 nou
376 2321 447 2391 uisi
467 2333 553 2417 post
571 2317 752 2414 aliquota
779 2334 901 2390 morte
922 2318 1004 2391 dies
1021 2344 1146 2392 secare
1167 2321 1296 2412 licuit,

219 2413 223 2422 r
284 2438 500 2536 gravissime
517 2437 640 2523 olens,
653 2435 854 2534 diligenter
867 2452 992 2509 tamen
1007 2437 1213 2511 dissectum
1227 2457 1293 2514 est.

282 2557 422 2654 Capitis
453 2556 725 2652 integumentis
744 2557 901 2644 amotis,
933 2555 981 2626 nd
1007 2559 1183 2655 superius
1212 2560 1296 2632 vul·

282 2675 383 2745 neris
400 2673 496 2743 latus
514 2671 716 2768 disjunctio
741 2672 943 2771 conspecte
960 2689 1015 2746 est
1034 2677 1217 2774 sagittulis
1237 2703 1298 2750 su·

275 2783 373 2862 'turae
388 2817 397 2879 ;
415 2815 457 2862 os
476 2805 602 2862 autem
627 2791 810 2889 sincipitis
837 2815 912 2888 qun
941 2795 1120 2890 portione
1143 2819 1296 2895 semper

280 2910 470 2981 detectum
490 2905 632 2994 fuerat,
651 2909 826 2998 illaesum3
840 2910 954 2981 sedin
968 2915 1294 3010 caeterispartlbus

280 3027 343 3100 hic
359 3027 435 3098 illic
448 3027 550 3098 carie
564 3051 735 3114 erocum,
752 3029 956 3125 praesertim
977 3053 1069 3100 vero
1087 3055 1212 3130 prope
1231 3057 1294 3106 su-

280 3163 403 3218 turam
422 3169 677 3242 squamosam‚
688 3144 753 3214 ubi
767 3160 882 3216 totam
893 3147 1292 3224 illiuscrassitudinetu

282 3266 399 3336 caries
418 3262 683 3361 perforaverat.
710 3267 813 3334 Dura
827 3279 971 3350 tamen,
999 3269 1034 3336 ei
1051 3269 1126 3338 ossi
1146 3269 1293 3366 subjec-

281 3399 334 3469 ta,
354 3384 508 3454 meninx
525 3385 663 3452 intacta
683 3378 767 3469 fuit,
787 3383 859 3452 nisi
872 3382 975 3480 quod
993 3383 1040 3454 ad
1060 3385 1291 3460 sublividum

279 3499 458 3596 vergebat
471 3499 655 3586 colorem,
675 3515 711 3571 et
733 3499 912 3596 quasdam
938 3521 1062 3572 osseas
1087 3507 1291 3600 particulas

279 3617 350 3690 sibi
368 3615 599 3687 adherentes
619 3617 865 3706 ostendebat}
894 3617 941 3690 ab
962 3620 1144 3694 interiore
1164 3641 1290 3696 antem

279 3733 372 3806 facie
388 3734 460 3806 sub
481 3735 564 3832 ipso
584 3735 754 3807 vulneris
775 3731 862 3806 loco
886 3757 1077 3806 annexum
1111 3739 1184 3810 sibi
1204 3741 1289 3812 abs-

278 3874 424 3926 cessum
448 3851 630 3942 habebat,
648 3854 688 3924 in
706 3869 879 3925 excavata
901 3851 1048 3925 cerebri
1079 3857 1287 3930 substantia

280 3972 493 4062 conditum,
511 3993 668 4072 parvum
687 3985 833 4062 tainen,
852 3973 912 4043 vix
929 3987 971 4043 ut
989 3973 1180 4047 minorem
1193 3976 1286 4048 avel-
