2828 4652
175 489 244 536 mn.
264 481 319 535 111.
347 487 394 533 na
420 484 557 532 nonnis
576 485 749 549 varran,
774 485 886 533 misr.
906 479 1032 534 mviii.
1066 461 1132 538 133
1195 537 1197 544 ,

123 603 194 676 nbi
212 599 428 674 abdominis
446 597 591 671 hiatum
608 623 629 669 a
646 598 825 670 violentia
849 599 972 698 aliqua
993 599 1133 674 factum

121 743 263 820 ponas,
281 733 318 790 et
331 732 458 818 partes
467 717 507 788 in
524 716 664 816 quibus
675 715 800 789 hiatus
813 713 931 790 iactus
947 734 1018 808 est,
1042 719 1134 792 hinc

123 854 164 911 et
187 837 278 908 hinc
290 837 329 907 in
359 859 397 908 se
414 849 612 924 retractas,
634 859 704 906 nec
738 831 855 908 ferme
883 837 991 909 aliter
1021 862 1066 910 ac·
1088 837 1132 909 ct.

122 955 323 1027 Preussius
343 951 418 1052 (1),
441 978 522 1026 rem
544 953 743 1052 explicare.
768 955 964 1052 Inaequalis
980 971 1060 1027 erat
1077 970 1137 1028 tu·

123 1058 291 1162 mor,et
307 1073 478 1171 tangenti
494 1071 632 1144 cedens
648 1098 658 1160 ;
677 1085 719 1142 ut
737 1069 785 1142 ab
805 1066 991 1145 intdstinis
1017 1071 1137 1147 factus

123 1189 330 1264 videretur.
361 1185 489 1262 Infans
510 1191 678 1288 primum
697 1213 823 1288 neque
852 1215 898 1263 ex
917 1190 1000 1262 alvo
1024 1190 1138 1290 quid-

124 1332 244 1407 quam
262 1305 464 1397 reddebat,
482 1331 608 1405 neque
632 1331 836 1379 mammam
862 1309 1027 1409 sugebat.
1048 1315 1139 1384 Mox

118 1427 246 1525 »coepit
269 1439 476 1524 utrumque
502 1421 635 1496 facere.
658 1424 730 1497 Sed
759 1425 893 1498 viridia
919 1427 1139 1525 dejiciebat,

122 1543 230 1617 unde
250 1543 366 1617 lintea
383 1541 652 1616 inficiebantur
669 1543 827 1616 maculis
847 1569 930 1643 quae
950 1547 1011 1617 vix
1030 1572 1073 1619 ac
1086 1575 1136 1622 ne

123 1660 285 1760 quidem
308 1661 384 1733 elui
399 1677 564 1760 possent.
584 1663 728 1733 Tumor
742 1685 833 1734 vero
849 1665 915 1763 qui
931 1665 1009 1762 jam
1028 1679 1138 1738 antea

124 1793 209 1853 erat
228 1777 458 1870 sublividus,
474 1777 558 1850 fieri
569 1780 714 1853 interea
730 1779 898 1872 lividior,
920 1798 959 1856 et
973 1781 1140 1882 denique

125 1899 491 1998 gangraenacorripi
507 1897 661 1996 incepit.
691 1895 946 1988 Abscedente,
972 1891 1140 1973 cum'tu-

124 2015 248 2088 moris
267 2013 484 2114 superficie,
497 2013 589 2086 huic
604 2014 772 2113 subjecta
783 2012 980 2090 'rectorum
993 2041 1143 2091 muscu-

124 2135 254 2206 lorum
271 2147 402 2232 parte,
419 2129 543 2204 infans
560 2135 686 2205 vivere
700 2131 811 2206 desiit
825 2137 960 2233 quinto
976 2147 1012 2208 et
1031 2136 1142 2233 trige-

124 2252 227 2326 simo
241 2251 288 2323 ab
313 2266 400 2324 ortu
423 2249 495 2322 die.
526 2251 680 2322 Ventris
701 2251 876 2325 dissectio
891 2245 1056 2326 ostendit
1074 2253 1142 2325 du·

126 2369 217 2469 plex
237 2367 329 2440 huic
356 2365 491 2440 infanti
514 2363 628 2441 fuisse
647 2369 776 2466 jecur,
797 2369 956 2442 alterum
983 2372 1022 2442 in
1053 2371 1142 2445 sede

126 2501 326 2578 consueta,
338 2511 497 2585 parvum
515 2487 664 2586 potius,
682 2485 854 2586 q'uamvis
867 2492 913 2560 in
927 2487 1139 2588 praelongos
1225 2569 1227 2574 ,

126 2605 241 2678 lobos
272 2601 459 2695 diiisum3
492 2605 650 2678 alterum
681 2605 826 2702 majus,
859 2605 924 2680 sed
961 2606 1144 2697 informe,

128 2723 238 2824 quod
254 2747 323 2822 per
340 2747 502 2796 crassam
524 2725 759 2820 interjectam
776 2723 1037 2828 membranam
1055 2751 1143 2798 cum
1178 2746 1198 2823 j

127 2842 197 2914 illo
217 2842 483 2939 conjunctum,
512 2857 651 2914 trunco
675 2866 778 2915 venae
810 2859 1007 2944 portarum
1029 2867 1146 2916 anne·

128 2985 243 3048 xum,
255 2961 295 3031 in
312 2959 437 3032 cavam
455 2974 581 3032 autem
601 2984 684 3032 suas
698 2984 813 3033 venas
825 2959 922 3034 infra
938 2959 1032 3034 illud
1050 2961 1142 3034 alte·

130 3103 220 3152 rum
233 3077 342 3176 jecur
359 3077 586 3165 immittens,
610 3103 655 3149 eo
679 3103 719 3150 se
739 3079 985 3167 extendebat,
1012 3095 1054 3151 ut
1077 3079 1145 3150 ad·

130 3195 280 3268 haerens
299 3196 371 3269 sibi
390 3197 659 3296 peritonaeum,
679 3195 924 3294 adjectosquc
947 3197 1037 3267 huic
1062 3209 1146 3267 ten·
1203 3281 1206 3286 ¹

133 3311 245 3386 dines
259 3327 473 3388 extrorsum
489 3329 666 3412 urgeret,
698 3329 966 3412 tumoremque
980 3311 1147 3387 efficeret

135 3429 185 3503 de
206 3455 284 3530 quo
304 3429 449 3503 dictum
477 3445 543 3504 est.
563 3433 637 3522 Qui
657 3435 828 3531 tangenti
853 3431 940 3504 ideo
970 3431 1148 3520 cedebat,

135 3547 242 3647 quod
267 3547 445 3621 cederent
470 3549 670 3638 intestina,
688 3551 826 3648 quibus'
848 3549 923 3622 hoc
941 3551 1051 3647 jecur
1069 3564 1149 3622 erat

136 3691 184 3739 ex
197 3681 303 3769 parte
322 3667 552 3770 impositum.
572 3667 751 3740 Sedcum
766 3667 905 3768 duplex
916 3683 1012 3774 esset
1023 3667 1159 3769 jecur,-

176 4035 223 4116 (1)
242 4037 280 4094 ln
294 4034 423 4114 append.
439 4051 529 4112 supra
543 4033 622 4094 adn.
643 4033 679 4104 54
699 4034 748 4091 cit.

1137 290 1144 346 i
