2812 4656
305 382 373 456 252
469 407 516 455 uu
543 405 689 453 sturnus
714 407 758 452 er
783 405 909 452 cauus
934 384 1144 454 uoarouuu
1211 401 1238 410 ”

270 517 281 532 “
305 518 530 617 pertinuisse
548 531 661 588 nerto
685 518 785 606 scio,
816 517 958 616 quippe
979 518 1166 615 cumipse
1199 515 1321 588 disse·

305 637 467 724 cuerim,
491 650 528 706 et
554 635 650 706 sicut
668 633 731 706 hic
759 635 934 732 requiro,
968 637 1019 706 ita
1051 659 1090 708 se
1113 634 1321 722 hahuisse,

302 753 580 851 perspexerim,
611 751 768 850 globum
795 752 904 826 illum
933 777 1034 824 sanae
1068 751 1322 850 pinguedinis

304 895 419 968 quem
436 869 507 942 sub
524 868 737 942 abdominis
759 870 899 969 pariter
924 885 1009 942 oute
1038 870 1103 942 sed
1124 871 1252 966 paulo
1271 869 1322 940 al-

303 990 390 1076 tius,
400 987 579 1060 nimirum
588 987 636 1060 ad
647 985 1030 1060 eusilormemvetulae
1040 987 1321 1086 cartilaginem,

305 1107 377 1186 alia
392 1105 461 1178 tibi
481 1106 571 1176 olim
592 1106 817 1204 epistola(1)
835 1107 1021 1194 indicavi,
1037 1107 1210 1204 itemque
1233 1129 1320 1178 eum

305 1225 477 1322 quem·in
504 1221 647 1296 femore
667 1249 762 1298 anus
785 1224 938 1298 alterius
970 1249 992 1295 a
1025 1249 1086 1296 me
1114 1223 1322 1322 diligenter

304 1342 593 1441 perlustratum,
612 1342 701 1414 alias
718 1343 772 1440 (a)
791 1341 1026 1415 describam.¹
1050 1349 1202 1414 Horum
1226 1343 1322 1414 simi·

305 1461 382 1534 lem
403 1459 450 1532 de
469 1456 620 1532 duobus
646 1485 744 1558 quos
765 1461 931 1532 Littrius'
956 1461 1178 1558 proposuit,
1213 1460 1320 1532 illum

306 1577 419 1650 fuisse
435 1603 549 1677 quem
569 1581 649 1676 ipse
675 1603 832 1676 quoque
854 1581 894 1650 in
918 1577 1117 1676 decrepitae
1149 1578 1322 1650 mulieris

309 1699 451 1770 semiue
464 1697 718 1795 deprehendit
729 1698 783 1796 (3)
794 1695 938 1770 facilius
951 1695 1321 1794 crediderim,quam

310 1833 424 1914 supra
442 1814 500 1914 (Δ)
517 1815 564 1888 ad
582 1817 654 1886 viri
675 1817 868 1914 scapulam
897 1829 1266 1902 commemoratum,
1283 1827 1322 1884 ut

260 1981 262 1986 -
307 1935 348 2004 in
362 1958 439 2030 quo
451 1959 529 2006 non
548 1933 672 2006 sulum
685 1934 828 2006 nullam
842 1933 1063 2006 cellularum
1080 1934 1319 2004 mentionem

309 2051 455 2147 injecit,
487 2051 553 2124 sed
575 2067 612 2124 et
632 2054 764 2150 cystim
783 2051 921 2124 diserte
942 2051 1169 2149 posuitque
1198 2051 1319 2147 cinge-

308 2168 440 2257 batur,
459 2195 544 2242 cum
560 2171 600 2240 in
620 2170 797 2250 muliebri
814 2169 879 2240 illo
895 2169 1048 2242 cellulas
1065 2167 1224 2266 quidem
1245 2191 1320 2264 cys·

254 2349 256 2354 .
308 2287 375 2358 tim
387 2301 512 2359 autem
533 2289 754 2386 neutiquam
772 2301 974 2375 memoret,
1003 2288 1081 2357 imo
1097 2283 1166 2356 ubi
1183 2285 1236 2356 ad
1253 2309 1319 2355 am·

309 2401 1319 2505 putationemveniendumest,noncedentibusiisquae

310 2523 419 2594 initio
437 2522 652 2594 adhibenda
670 2523 833 2596 exterius
854 2521 1115 2609 commendat,
1137 2519 1241 2592 nihil
1266 2545 1327 2620 re·¹

312 2639 436 2736 linqui
457 2639 546 2712 velit
569 2639 615 2711 de
642 2657 814 2720 tumore,
845 2666 893 2712 ue
921 2638 1017 2712 forte
1045 2637 1256 2736 repullulet
1280 2661 1320 2708 ex

312 2757 456 2828 cellula
471 2758 595 2854 aliqua
615 2760 692 2854 jam
714 2759 852 2848 laxata,
876 2760 1007 2842 obsit,
1034 2781 1113 2828 nou
1133 2781 1177 2828 ex
1209 2755 1320 2853 cystis

310 2873 503 2972 reliquiis,
532 2900 645 2972 quam
666 2878 697 2948 si
715 2892 807 2948 tunc
827 2877 942 2948 ullam
966 2875 1143 2963 vidisset,
1169 2872 1225 2944 ibi
1245 2898 1320 2944 non

311 2988 439 3068 fuisset
456 2994 672 3066 omissurus.
702 2999 905 3066 Tumorem
924 3019 968 3066 ex
986 2993 1219 3091 pinguedine
1248 2991 1320 3063 fac-

310 3125 392 3180 tum
415 3113 568 3188 Littrius
588 3112 820 3182 rarissimum
842 3109 1035 3198 credebat,
1066 3136 1139 3209 nec
1164 3107 1319 3181 fortasse

313 3242 422 3300 antea
436 3230 568 3302 visum.
584 3227 791 3302 Elsholzius
807 3228 862 3324 (5)
881 3244 1007 3306 tameo
1023 3244 1110 3306 ante
1129 3227 1213 3298 illos
1227 3227 1319 3298 duo-

352 3549 396 3626 (1)
418 3505 683 3626 Epist.·19,u.18‚.
765 3620 768 3624 ,
811 3582 813 3586 ’
848 3615 851 3620 ,
1131 3633 1134 3640 Ι

358 3650 403 3727 (a)
424 3651 519 3724 Epist.
533 3653 588 3724 68,
601 3675 631 3709 n.
645 3655 672 3709 6.
686 3655 771 3712 Adde
784 3657 872 3712 etiam
886 3657 1010 3712 alterum
1025 3656 1100 3713 ibid.
1115 3675 1146 3710 n.
1160 3655 1187 3712 8.

352 3751 395 3829 (3)
416 3751 492 3807 Hist.
508 3753 546 3810 de
561 3754 673 3813 l'Acad.
687 3773 751 3830 roy.
767 3755 818 3820 des
833 3757 901 3829 Se,
915 3775 963 3816 au.
982 3764 1068 3829 1704,
1081 3757 1146 3818 obs.
1160 3767 1240 3812 anat.
1256 3774 1284 3812 ι.

352 3849 396 3924 (4)
418 3851 455 3905 Ν.
480 3870 526 3906 aa.

355 3948 365 4004 l
368 3946 397 4028 5)
418 3951 494 4008 Hist.
512 3961 678 4012 steatomat.
696 3965 801 4016 reseca

354 4016 364 4029 a
380 4005 382 4010 .
