2854 4660
289 445 360 554 sal.
462 473 507 520 nr
533 471 680 520 sameas
705 473 750 520 rr
775 473 900 522 cansrs
926 471 1139 524 normann

289 587 473 684 lamfieri.
490 587 590 677 Quin
609 564 720 658 etiam
739 603 825 659 ante
847 589 932 661 illos
949 593 1142 663 Carcanus
1159 589 1223 689 (1)
1251 585 1308 663 di·

288 721 385 778 serto
398 705 476 776 baec
488 707 705 804 scripserat:
727 730 804 777 non
807 733 905 804 pars
918 709 1071 780 vulneri
1085 733 1308 808 correspon-

287 825 401 913 dens,
435 837 478 893 at
500 829 676 922 opposita
704 851 850 922 semper
873 827 1053 923 paralysi
1081 816 1305 927 corripitur,

285 948 382 1012 sicat
394 957 430 1012 et
448 945 699 1040 Hippocrates
713 947 905 1014 verissime
923 942 1038 1032 dixit,
1055 960 1095 1014 et
1108 951 1309 1042 experien-

211 1141 213 1146 ,
287 1068 340 1132 tio
353 1067 422 1132 rios
435 1061 572 1132 docuit.
607 1065 743 1131 Veram
757 1075 830 1148 est,
850 1061 957 1160 qaod
968 1041 1068 1132 dixit
1084 1065 1307 1161 Hippocra-

288 1196 356 1267 tes,
379 1184 593 1277 oppositam
607 1176 847 1248 convulsione
857 1232 867 1264 ,
886 1201 963 1248 non
976 1179 1160 1276 paralysi
1171 1188 1308 1268 teneri;

285 1321 353 1395 ego
364 1313 489 1368 autem
496 1295 580 1366 dico
589 1350 599 1381 ,
613 1301 746 1394 potins
761 1285 940 1392 paralysi
955 1321 1039 1366 eam
1057 1299 1170 1394 affici
1182 1327 1190 1367 :
1202 1299 1308 1396 quod

287 1416 443 1488 Carcani
461 1414 604 1485 dictam
634 1439 718 1484 cum
741 1429 798 1485 tot
827 1414 926 1502 aliae,
950 1429 1031 1485 tum
1057 1415 1222 1514 insignis
1243 1417 1305 1488 illa

287 1533 499 1606 observatio
519 1529 718 1604 confirmat
731 1533 775 1604 cl.
800 1533 966 1604 Danielis
991 1530 1217 1604 Hoffmanni
1237 1535 1309 1634 (α),

287 1654 353 1750 qui
371 1655 410 1721 in
426 1675 566 1749 puero,
586 1652 646 1721 cui
663 1652 853 1721 cerebram
870 1676 890 1722 a
908 1651 1069 1723 sinistris
1080 1671 1308 1748 quassatam

287 1770 407 1842 fuerat
424 1795 506 1840 cam
526 1768 689 1839 notabili
707 1769 930 1839 substantia
948 1769 1238 1867 deperditione,
1265 1775 1308 1843 si-

287 1889 395 1961 nistri
413 1887 519 1988 pedis
546 1887 804 1960 convulsivam
831 1889 1074 1988 agitationem
1103 1888 1308 1963 vehemen-

286 2009 489 2095 tissimam,
508 2005 651 2076 dexteri
670 2020 796 2075 autem
823 2006 949 2077 lateris
973 2005 1203 2103 paralysim,
1223 2034 1307 2106 quae

286 2125 482 2203 immobile
502 2149 658 2224 prorsus
673 2122 828 2213 lecerat,
848 2122 1050 2212 adnotavit,
1076 2129 1123 2195 Et
1142 2125 1201 2196 illi
1223 2128 1308 2224 qui·

288 2243 373 2316 dem
392 2267 509 2315 causa
531 2245 729 2339 utriusque
751 2238 905 2313 affectus
925 2239 1053 2312 sedem
1085 2243 1307 2316 statuebant

287 2365 325 2433 in
340 2362 474 2434 eodem
497 2359 645 2432 cerebri
670 2361 784 2431 latere
802 2360 908 2457 quod
936 2361 1146 2450 convuls0,
1167 2379 1236 2434 aut
1254 2345 1308 2435 re·¹

287 2481 411 2553 soluto
446 2479 616 2576 corporis
647 2478 755 2548 lateri
790 2481 1008 2576 oppositum
1039 2495 1116 2567 est,
1149 2505 1304 2553 causam

285 2615 409 2670 autem
426 2597 578 2668 alterius
594 2595 748 2667 affectus
766 2597 937 2684 alteram,
956 2611 998 2666 ut
1017 2613 1107 2696 puta
1122 2599 1305 2672 irritatio·

286 2743 395 2794 nem,
431 2731 495 2787 aut
533 2713 894 2802 inflammationem,
928 2717 959 2786 si
993 2717 1198 2788 convulsio
1233 2735 1305 2808 est;

287 2835 607 2934 compressionem
627 2859 735 2923 ver0,
755 2849 817 2904 aut
832 2833 1131 2930 disruptionem,
1152 2837 1185 2906 si
1199 2861 1305 2934 para·-

286 2955 384 3051 lysis.
406 2951 461 3024 Ad
487 2951 590 3022 hunc
610 2969 755 3040 autem,
776 2951 989 3053 ,similemve
1019 2951 1182 3023 modum
1212 2956 1304 3026 acci·

283 3071 465 3173 piendum
473 3087 528 3142 est
539 3071 644 3168 quod
652 3069 823 3141 Valsalva
832 3072 869 3140 in
881 3073 1080 3168 proposito
1088 3071 1235 3166 juvene
1250 3071 1303 3169 (3)

284 3190 550 3262 convulsiones
582 3187 715 3274 eodem
749 3190 789 3257 in
827 3191 1047 3258 universum
1081 3186 1302 3262 referendas

284 3309 478 3397 censebat,
498 3309 631 3404 quoin
652 3307 793 3378 caeteris
810 3307 1076 3396 resolutiones,
1106 3311 1189 3378 Cur
1209 3333 1299 3380 vero

284 3427 421 3522 hujus,
452 3441 515 3497 aut
536 3425 635 3496 iliius
652 3450 770 3496 causae
796 3421 952 3496 effectus
974 3427 1013 3494 in
1037 3423 1198 3498 adversa
1218 3453 1299 3498 cor-

283 3640 1294 3671 ...um-'umanum

324 3797 367 3877 (ι)
389 3801 434 3856 De
451 3788 535 3854 vbln.
552 3815 617 3872 cap.
632 3816 719 3853 serm.
737 3795 897 3868 3,1ect.·5.

320 3919 365 4000 (a)
386 3920 512 3976 Dissert.
527 3919 564 3977 de
578 3913 634 3975 hac
646 3917 796 3976 rarissima
807 3917 970 3977 sanatione.

320 4041 365 4118 (a)
384 4043 421 4099 n.
445 4037 492 4108 is.
