2784 5088
308 379 382 474 468
476 401 523 450 na
549 396 695 481 sturnus
720 399 764 446 rr
789 395 913 446 ctusts
937 397 1153 473 nonrormu
1251 447 1257 452 ,

311 521 445 594 adnata
459 517 586 588 tunica
601 510 892 586 confertioribus
907 512 1131 612 sanguileris
1142 519 1314 606 vasculis,

311 635 472 734 quadam
492 633 696 732 praesertim
719 633 757 700 in
781 645 904 728 parte,
923 631 1255 732 distinguebatur,
1273 635 1315 706 ad

303 778 455 827 corneae
482 749 664 835 ambitum
689 748 978 846 pertinentibus.
1003 753 1088 820 llaec
1105 752 1315 822 noumodo

309 895 446 970 opaca,
476 867 539 940 sed
565 881 602 938 et
620 848 740 936 multo
765 867 893 965 minor
918 889 1032 963 quam
1058 891 1130 964 par
1152 883 1233 956 est,
1252 894 1315 938 nec

303 989 416 1090 solita
431 985 548 1084 figura
569 997 658 1070 erat.
671 987 764 1054 Tum
778 982 955 1080 demptus
965 1009 1009 1056 ex
1027 984 1152 1056 orbita
1165 986 1315 1070 oculus,

306 1111 386 1206 ipse
418 1127 571 1204 quoque
599 1124 677 1171 non
707 1099 821 1198 paulo
854 1103 1027 1198 apparuit
1064 1103 1216 1190 minor,
1249 1129 1314 1176 uec

308 1224 515 1326 sphaeram,
537 1233 579 1290 ut
601 1218 714 1306 solet,
739 1215 804 1291 sed
827 1243 948 1290 unum
968 1243 1012 1290 ex
1033 1219 1079 1290 iis
1100 1245 1201 1316 quos
1233 1246 1314 1294 nos
1384 1219 1385 1230 ’

306 1355 421 1420 crates
433 1337 624 1436 appellant
641 1337 806 1422 bottont,
825 1335 965 1432 quibus
981 1336 1157 1408 videlicet
1174 1340 1220 1408 in
1239 1364 1316 1412 ves·

304 1459 406 1537 tibus
419 1481 489 1554 pro
500 1452 618 1524 fibula
635 1451 798 1541 utimur,
811 1455 980 1552 apprime
998 1439 1206 1544 referebat,
1222 1454 1314 1528 facie

306 1577 421 1648 altera
437 1572 678 1669 depressum,
698 1569 812 1642 altera
828 1572 867 1640 in
887 1570 1039 1644 humilis
1053 1572 1140 1644 coni
1155 1573 1315 1645 modum

295 1673 600 1788 'extuberantem
620 1691 789 1779 Quarum
808 1704 933 1759 tamen
956 1687 1136 1760 facierum
1151 1715 1244 1762 cum
1256 1693 1315 1766 bic

303 1811 366 1882 illa
381 1789 477 1882 esset
496 1806 684 1893 anterior,
702 1803 781 1876 baec
806 1821 930 1876 autem
953 1809 1163 1904 posterior,
1189 1811 1313 1882 mullo

303 1928 456 2026 longior
478 1939 557 1998 erat
585 1921 767 1996 diameter
795 1920 902 1994 faciei
933 1927 1161 2012 anterioris,
1196 1952 1311 2024 quam

295 2036 400 2144 axis,
417 2069 482 2126 seu
495 2056 596 2113 recta
616 2041 712 2110 linea
723 2039 904 2136 abhujus
916 2040 1041 2112 medio
1060 2043 1106 2112 ad
1124 2049 1312 2144 posterio·

301 2165 353 2235 ris
376 2160 542 2232 medium
557 2159 679 2229 ducta.
699 2157 913 2230 Secundum
934 2183 1045 2261 quam
1064 2160 1203 2232 lineam
1225 2189 1309 2236 cum

297 2280 441 2352 durum
459 2276 563 2348 hunc
576 2275 728 2380 oculum
737 2273 1310 2375 bifariamdivisissem,etnihil,

301 2400 373 2471 nisi
391 2393 762 2492 humorprodiisset,
784 2419 920 2502 quem,
942 2395 1013 2466 nisi
1033 2376 1162 2470 colore
1184 2397 1309 2472 fuisset

301 2515 473 2602 subatr0,
502 2535 664 2609 aqueum
694 2507 1052 2600 vocasses3qlrustra
1082 2517 1307 2611 crystallini,

300 2647 364 2704 aut
376 2631 485 2701 vitrei
505 2629 675 2703 humoris
697 2611 876 2725 reliquias
902 2631 1076 2728 quaesivi3
1100 2629 1174 2703 nec
1200 2638 1305 2706 vesti·
1383 2701 1384 2704 ,

299 2749 408 2850 ςίιιῐῐι1
428 2745 582 2844 quidem
609 2761 813 2842 supererat.
844 2750 984 2852 Verum
1009 2746 1081 2821 sub
1115 2767 1305 2824 contracta
1383 2729 1384 2744 ἵ

290 2863 493 2940 sclcrotica
512 2863 639 2934 tunica
662 2861 863 2934 chornides
883 2879 962 2935 erat
986 2863 1094 2959 cujus
1111 2865 1218 2938 inter
1233 2868 1304 2940 fus-

299 3008 385 3056 cum
406 2980 573 3052 colorem
595 2977 903 3075 sanguineushic
923 2979 1015 3069 illic,
1034 2997 1077 3052 ut
1094 2984 1213 3070 solet,
1232 3011 1303 3056 nou

298 3101 459 3176 obscure
478 3094 700 3195 apparebat,
719 3120 940 3194 annexaque
955 3097 1257 3192 choroidiuvea‚
1272 3120 1304 3174 at

298 3243 377 3318 uon
394 3216 503 3288 sicuti
518 3213 615 3301 haec,
632 3213 799 3310 integra,
814 3228 855 3284 ut
865 3213 1017 3302 iridem,
1032 3230 1068 3286 et
1078 3217 1212 3291 ciliare
1227 3245 1303 3292 cor·

297 3358 370 3432 pus
392 3334 648 3404 internoscere
673 3354 752 3400 non
770 3330 924 3402 liceret.
951 3333 1145 3405 Universa
1180 3353 1301 3410 autem

299 3449 471 3524 choroidi
483 3473 552 3546 pro
570 3449 691 3518 retina
705 3448 828 3518 tenuis
842 3446 989 3520 lamella
1005 3447 1161 3522 suberat
1180 3479 1301 3542 ossea,
1382 3525 1383 3530 ,

298 3593 381 3671 quae
398 3551 445 3638 ab
468 3568 573 3636 nervi
598 3565 714 3662 optici
737 3565 942 3642 insertione
961 3547 1300 3663 profectaset'uu·
1382 3619 1383 3624 ,

298 3685 414 3784 dique
432 3685 595 3794 integra,
606 3679 842 3780 figuramque
861 3684 963 3754 oculi
980 3707 1093 3782 quam
1107 3683 1300 3789 descripsi·
1382 3771 1383 3784 χ

297 3827 403 3889 mus,
430 3824 601 3890 servans,
630 3815 668 3871 et
693 3823 858 3896 aqueum
887 3799 933 3870 de
960 3825 1036 3898 quo
1060 3801 1209 3876 dictum
1234 3823 1298 3892 est,

295 3918 494 4028 humorem
514 3917 788 4014 complectens,
805 3915 852 4007 ad
873 3941 1017 3990 corneae
1034 3911 1160 4018 usque
1184 3923 1298 3996 ambi-
