2812 4656
157 411 225 457 ms.
247 411 357 462 mun
374 409 510 458 MORBIS
520 409 716 474 calatino,
731 403 799 458 etc.
816 413 927 460 nelsr.
950 415 982 459 L.
1012 391 1083 487 249

75 525 149 628 ,qui
165 527 204 598 in
226 539 310 598 cute
327 526 482 622 reliqua.
494 524 626 611 Nulla,
641 527 671 596 si
689 540 961 616 contrectares,
981 527 1086 599 duti-

86 647 169 733 ties,
186 644 289 716 nulla
305 643 536 733 fluctuatio„
551 644 655 716 nulla
678 645 856 744 pulsatio,
870 645 999 717 nullus
1017 645 1086 719 do-

86 762 152 833 lor.
167 761 246 832 vSed
267 762 385 834 moles
405 760 647 832 incommoda
667 760 828 848 sedenti,
847 761 1000 860 pondus
1026 787 1089 834 au·

86 895 157 950 tem
184 861 347 977 (tametsi
365 879 457 966 lata,
476 894 639 978 aptaque
658 876 787 969 fascia,
811 882 923 951 etiam
946 903 995 951 ne
1014 879 1089 952 dis·

86 996 270 1070 trahendo
282 1012 410 1068 tumor
424 997 671 1086 incresceret,
689 1012 732 1068 ut
750 1011 920 1098 poterat,
940 1013 1088 1070 susten·
1159 1055 1162 1061 .

87 1114 245 1213 tabatur)
264 1117 395 1200 stanti,
424 1113 706 1213 ambulantique
725 1115 943 1204 molestum,
973 1129 1010 1188 et
1033 1112 1087 1187 fe-

86 1208 158 1305 b'ris
177 1233 360 1331 denique,
374 1257 417 1305 ac
434 1233 668 1306 vehementis
684 1233 819 1305 caloris
835 1255 988 1322 sensus,
1006 1257 1087 1330 quae

87 1350 158 1422 duo
170 1350 376 1449 aliquando
396 1351 625 1448 longiorem,
647 1364 684 1434 et
702 1351 986 1422 concitatiorem
1008 1373 1087 1421 am·

86 1465 313 1542 bulationem
334 1460 608 1566 sequebantur,
649 1465 845 1540 homiuem
882 1479 1088 1565 coegerunt

87 1600 125 1656 ut
136 1585 344 1674 Valsalram
364 1585 588 1658 consuleret.
600 1586 693 1675 Qui,
708 1583 766 1657 his
775 1586 987 1684 perpensis,
1000 1609 1087 1656 cum

90 1718 273 1776 tumorem
308 1694 583 1802 amputandum
622 1727 702 1776 esse
749 1728 829 1774 non
877 1702 1116 1792 dubitaret3¹

88 1824 207 1920 paucis
216 1837 305 1921 post
319 1822 469 1913 diebus,
487 1847 547 1894 me
564 1823 819 1920 inspectante,
840 1821 891 1893 sic
906 1845 986 1894 rem
1006 1845 1088 1918 per-

89 1942 166 2039 egit.
207 1945 413 2039 Postquam
446 1940 721 2039 pedunculumv
739 1941 898 2039 propius
927 1940 1088 2012 tumoris

90 2058 238 2154 globum
268 2061 409 2156 injecto
437 2045 590 2130 vinculo
627 2059 870 2146 constrinxit,
903 2073 940 2128 et
964 2082 1013 2128 ne
1035 2059 1087 2130 sic
1144 2122 1147 2131 ,

91 2177 236 2272 quidem
257 2201 372 2276 supra
389 2176 585 2249 vinculum
602 2176 854 2273 pulsationem
873 2175 989 2246 ullam
1004 2191 1089 2273 per²

91 2296 200 2392 cepit,
222 2281 307 2394 quae
326 2293 598 2393 grandiusculae
619 2295 761 2366 arteriae
780 2292 963 2369 indicium
991 2292 1089 2365 face-

89 2427 155 2502 ret,
178 2430 432 2488 transversum
457 2412 718 2511 pedunculum
750 2437 863 2511 supra
892 2412 1087 2484 vinculum

89 2529 221 2617 incidit.
243 2536 376 2629 Neque
398 2531 482 2630 plus
503 2532 694 2629 sanguinis
710 2530 871 2628 prodiit,
893 2555 1006 2627 quam
1025 2554 1089 2600 en·

90 2663 284 2742 pectasset3
301 2650 364 2719 vix
375 2632 451 2720 nna
463 2649 642 2720 'arteriola
657 2673 695 2720 se
711 2647 953 2734 ostendente,
972 2671 1088 2743 eaque

90 2766 169 2838 exili
194 2767 289 2840 adeo
302 2783 343 2838 ut
364 2767 442 2839 sola
462 2768 742 2864 compressione
757 2768 803 2838 sit
814 2765 1000 2854 cohibita,
1019 2789 1090 2836 nec

90 2881 158 2954 ulla
172 2907 267 2958 vena
290 2886 405 2983 paulo
432 2886 611 2957 crassiore
627 2899 762 2982 praeter
782 2908 916 2971 unam,
934 2907 1017 2980 quae
1035 2897 1091 2953 ta-

91 3021 171 3070 men
194 3016 274 3074 erat
300 3001 518 3089 mediocris,
546 3025 614 3098 per
650 3001 747 3072 latus
778 2999 983 3098 pedunculi
1017 2995 1088 3069 sub

93 3118 452 3206 conscendentem,
474 3115 786 3215 manifestamque
804 3117 882 3212 jam
902 3123 987 3186 ante
1011 3138 1089 3186 sec-

92 3232 237 3306 tionem.
256 3238 405 3309 Vulnus
421 3252 547 3310 autem
557 3289 568 3323 ,
588 3235 693 3307 bono
712 3237 822 3306 etiam
839 3231 1004 3304 hominis
1020 3231 1089 3302 ha-

91 3346 184 3441 bitu,
200 3370 237 3424 et
254 3370 439 3452 ternpore,
457 3381 522 3426 ver
530 3341 631 3428 enim
649 3368 728 3426 erat
742 3353 832 3424 anni
847 3356 957 3448 1704,
969 3364 1088 3422 artem

91 3465 371 3562 adjuvantibus,
388 3475 463 3543 cito
477 3487 718 3570 personatum
727 3485 793 3542 est.
1024 3446 1029 3466 s

134 3589 295 3678 Tumor,
312 3605 375 3678 ut,
394 3614 455 3660 me
468 3591 718 3692 inspectante,
730 3614 751 3660 a
762 3587 931 3659 Valsalva
945 3587 1090 3657 excisus
1139 3591 1143 3600 '

92 3697 226 3792 fuerat,
245 3707 296 3785 sie
316 3733 338 3778 a
354 3732 435 3794 me,
458 3706 522 3778 illo
539 3708 793 3807 inspectante,
813 3718 1006 3804 persectus
1034 3717 1089 3774 est

91 3821 223 3892 codem
241 3823 311 3895 die.
342 3829 386 3896 In
414 3827 496 3923 ipso
512 3826 710 3898 excisionis
731 3825 833 3912 locu,
864 3823 1088 3922 priusquam

92 3933 267 4022 dissecare
281 3943 509 4046 inciperem,
530 3961 714 4046 quatuor,
740 3942 993 4044 autquinque
1021 3963 1087 4038 ap-

164 4149 171 4193 l
