2784 5088
288 415 355 460 un.
365 415 414 460 tv.
430 415 477 460 ott
490 411 627 462 MOERIS
638 411 817 458 cntuuttc.
829 441 837 474 ,
851 403 919 458 ete·
939 412 1050 460 trist.
1062 413 1138 458 Llll.
1168 387 1214 458 50

237 541 457 624 peramento
475 525 627 612 bilioso,
652 527 692 596 in
718 525 866 603 sinistra
885 524 1036 623 scapula
1057 529 1214 599 caesima

237 645 443 718 secundam
462 667 582 742 usque
599 659 741 716 costam
759 667 879 742 prope
889 642 1082 716 vertebras
1098 645 1211 741 ingen

235 763 393 838 vulnere
412 763 618 850 sauciatus,
640 763 680 832 in
698 761 800 834 idem
820 761 925 858 quod
949 761 1123 860 superius
1146 760 1214 832 dix-1

235 881 503 954 nosocomium
525 879 720 978 excipitur.
749 877 807 950 Ibi
833 903 920 950 cum
946 903 967 958 a
991 878 1108 950 Paulo
1131 876 1214 950 Piell

191 1049 194 1054 -
234 1000 385 1071 medico
396 1013 433 1070 et
448 997 627 1095 chirurgo
645 997 948 1096 praestantissimo
964 995 1165 1094 diligenter
1177 1020 1214 1068 ct

234 1131 403 1206 caretur,
420 1131 532 1214 sputo
545 1116 775 1214 sanguineo,
793 1115 909 1202 tussi,
925 1111 1069 1188 difficili
1082 1114 1214 1212 respira

234 1237 341 1307 tione
356 1259 444 1306 cum
468 1233 581 1333 pulsu
607 1232 724 1307 debili
748 1257 791 1304 ac
815 1229 1004 1329 frequenti
1027 1231 1214 1330 crebrisqt·

234 1353 353 1426 animi
371 1348 650 1424 defectionibus
669 1366 889 1449 correptus,
911 1350 970 1422 his
991 1349 1170 1424 omnibus
1187 1352 1214 1421 ir

234 1469 535 1557 valescentibus,
563 1468 670 1541 obire
685 1469 788 1542 'circa
803 1493 951 1546 nonum
970 1469 1214 1546 diemmorte1

236 1612 348 1685 posse
358 1587 570 1660 videbatur.
589 1587 662 1658 Sed
677 1611 723 1658 eo
741 1586 801 1660 dic
813 1566 1006 1674 exactoj'et
1025 1601 1212 1685 symptom

234 1705 338 1778 tibus
350 1703 528 1778 nonnihil
548 1703 829 1778 remittentibus
841 1706 1002 1793 ,vulnus
1019 1707 1214 1803 qu'oqueil

203 1835 220 1850 “
235 1815 324 1895 sum
342 1823 382 1892 in
403 1821 538 1892 melius
556 1821 783 1910 inclinabat,
804 1847 891 1896 cum
914 1847 1035 1924 prope
1057 1823 1214 1894 decimu]

235 1939 441 2037 septimum
460 1953 639 2036 repente,
657 1939 830 2036 quamvis
841 1941 921 2012 sine
931 1938 1214 2012 inflammation

234 2057 377 2128 uulnus
394 2057 593 2144 intumuit,
612 2054 804 2155 febrisque
816 2056 1021 2130 vehemens
1031 2039 1118 2130 cum
1135 2057 1214 2156 pult

237 2174 441 2274 languido,
466 2189 503 2246 et
528 2172 666 2248 diffuso
693 2199 763 2272 per
781 2175 1001 2248 universum
1035 2199 1177 2274 corpus
1206 2201 1214 2248 1

236 2317 346 2391 gom,
366 2291 496 2366 sensus
511 2292 692 2392 ponderis
709 2295 749 2365 iu
761 2292 935 2381 thorace,
951 2291 1161 2366 laboriosus
1178 2317 1214 2362 ar

236 2409 398 2498 helitus,
413 2433 458 2482 ac
475 2410 686 2508 purulentae
702 2411 821 2481 urinae
832 2424 1092 2498 accesserunt,
1110 2425 1146 2481 et
1162 2435 1211 2508 po

237 2524 338 2616 hacc,
352 2549 455 2600 mors
468 2527 633 2625 denique
653 2527 714 2600 die
734 2526 781 2602 ab
799 2542 955 2626 accepto
971 2529 1130 2608 vulnere
1152 2529 1214 2627 vig

240 2647 336 2718 simo
356 2661 470 2718 sexto.
484 2644 665 2728 Thoracis
678 2646 854 2720 dissectio
861 2647 1074 2720 instituitur
1088 2651 1212 2720 cumP

237 2781 297 2837 tro
319 2765 549 2853 Molinellio,
571 2779 609 2836 et
638 2767 838 2838 Francisco
856 2766 1214 2862 Guicciardino,ej1

239 2883 450 2956 nosocomii
467 2882 616 2953 medico
639 2884 844 2956 assistente.
877 2889 972 2955 Cum
1002 2885 1119 2956 sterni
1143 2908 1214 2962 ersi

238 3000 349 3073 candi
365 2988 491 3100 causa,
510 2998 631 3072 culter
654 2999 694 3069 in
709 2999 907 3073 dexterum
929 2999 1095 3072 thoracis
1112 3021 1214 3071 cavtn

238 3119 432 3214 pervenit3
449 3117 550 3192 illico
560 3115 703 3188 multus
716 3117 864 3196 exsiluit
874 3116 1032 3207 humor,
1044 3116 1150 3188 lactis
1163 3140 1214 3188 ser

239 3259 318 3306 non
337 3233 446 3308 valde
462 3233 665 3322 absimilis,
682 3258 760 3332 quo
781 3234 820 3306 iu
840 3232 1001 3305 humore
1022 3233 1155 3332 pulmo
1180 3257 1214 3304 n:

236 3351 350 3424 tabat.
365 3351 436 3424 Illo
453 3350 656 3440 exhausto,
672 3375 784 3426 cavea
802 3353 842 3422 io
862 3351 937 3424 hoc
955 3351 1110 3424 inventa
1127 3367 1214 3424 ests

239 3492 375 3559 nuosa,
390 3471 601 3568 purulcutae
619 3473 782 3546 materiae
793 3471 924 3568 plena,
937 3469 1058 3548 hianti
1076 3493 1143 3543 ore
1161 3496 1214 3542 cui

241 3608 286 3656 eo
303 3586 590 3660 communicans
609 3587 892 3677 thoraciscavo.
909 3588 1080 3662 Alterum
1103 3602 1214 3670 auten

243 3701 351 3776 idest
365 3705 579 3793 sinistrum,
603 3729 736 3780 cavum
756 3706 940 3797 thoracis,
960 3706 1065 3804 quod
1083 3704 1214 3776 vulner

241 3835 284 3892 ut
301 3821 507 3944 indicqtum
529 3838 607 3912 est,
632 3824 908 3923 respondebat,
934 3849 1007 3902 uec
1038 3823 1214 3921 purulent

241 3943 402 4012 materiae
421 3941 648 4042 quidquam,
671 3957 709 4016 et
729 3942 950 4042 pulmonem
973 3941 1133 4016 omnino
1162 3940 1214 4014 illa
