2926 4654
325 436 374 536 98
481 453 529 502 or
553 447 700 500 ssorum
724 449 769 498 rr
794 448 920 498 causis
945 446 1157 500 noseorum

311 570 483 672 fluebat,
505 564 669 661 denique
691 563 731 636 in
751 562 919 638 sceletoo
939 561 1164 654 abeuntem,
1181 579 1222 640 ut
1249 590 1332 642 cre·

322 689 425 790 pitus
454 685 594 758 ossium
615 679 811 756 audiretur
840 681 1156 780 quotiescumque
1193 685 1332 758 mulier

321 827 463 904 corpus
475 817 708 905 antrorsum,
723 813 788 872 aut
797 814 1006 874 retrorsum
1015 793 1212 888 flectebat,
1223 791 1331 876 nulia

321 941 465 1011 mmeo,
487 943 568 1018 quo
592 931 849 1004 memoretur,
876 913 999 1002 febre,
1029 931 1094 992 aut
1117 921 1221 1016 gravi
1252 921 1331 996 alio

312 1037 568 1116 incommodo
587 1032 817 1120 conflictata,
835 1034 916 1106 imo
920 1035 1006 1129 jam
1018 1061 1091 1136 per
1111 1051 1183 1110 tres
1206 1061 1331 1112 anuos

321 1183 405 1233 ossa
424 1157 486 1230 ilia
506 1156 546 1227 iu
567 1167 678 1226 utero
702 1165 850 1249 gestans
868 1157 963 1228 citra
986 1158 1162 1230 imitatu
1182 1152 1331 1253 dispeu-

318 1278 432 1351 dium.
449 1275 602 1346 Utinam
618 1293 709 1342 uero
719 1255 829 1342 sicuti
838 1271 1004 1344 ‘emortui
1016 1285 1092 1358 tot,
1109 1286 1246 1369 proeter
1262 1297 1330 1348 eos

319 1415 417 1493 quos
449 1387 861 1474 commemoravimus,
879 1401 1008 1485 partos
1036 1389 1135 1462 iutra
1168 1390 1329 1466 uirentis

316 1509 446 1584 matris
465 1521 636 1579 ventrem
656 1503 722 1577 diu
744 1501 986 1601 sepulchrum
1007 1503 1243 1595 habueruut,
1270 1507 1323 1580 ita

316 1623 533 1727 piuresvivi
551 1622 623 1720 ipsi
641 1645 717 1695 una
731 1644 821 1692 cum
841 1635 993 1694 mortua
1010 1636 1129 1696 matre
1151 1646 1231 1700 uon
1248 1621 1324 1694 hu-

313 1755 534 1830 marentur,
559 1753 624 1814 aut
653 1738 740 1813 satis
771 1751 945 1836 tempore
972 1739 1119 1834 exejus
1138 1739 1322 1818 cadavere

315 1854 560 1935 eruerentur!
572 1860 712 1932 Verum
729 1855 819 1932 dum
827 1869 1023 1954 prosector
1031 1840 1227 1954 quaritur,
1231 1850 1327 1934 (som

315 1979 539 2064 accersitur,
554 1975 646 2049 dum
665 1975 787 2061 veuit,
807 1997 904 2072 sope
919 1975 948 2050 ii
963 1975 1029 2072 qui
1043 1975 1241 2063 vivebant,
1258 1975 1325 2052 de·

313 2099 469 2173 biliores
487 2095 712 2194 presertim,
737 2090 901 2168 infantes
924 2092 1163 2172 moriuntur.
1186 2091 1326 2170 frustra

312 2212 709 2296 mulierculis,virisre
722 2211 833 2286 etiam
845 2211 1326 2310 plurimis,aequc.acipsae,

311 2332 469 2408 rudibus
485 2346 525 2404 et
548 2329 703 2405 inscitiae
718 2329 856 2427 plenis,
878 2329 1023 2404 interra
1049 2329 1144 2404 dum
1168 2330 1231 2408 itte
1255 2357 1323 2408 vc-

311 2454 408 2541 niat,
423 2465 465 2522 ut
480 2448 610 2522 metris
628 2471 673 2520 os
695 2460 870 2544 apertum
888 2447 1324 2542 servatus-curantibus,

312 2569 468 2669 quando
494 2566 621 2665 potius
640 2587 726 2638 cum
750 2564 876 2662 aliqua
907 2564 1077 2640 utilitatis
1106 2591 1172 2664 spe
1198 2566 1326 2644 danda
1415 2659 1418 2671 y

311 2712 428 2788 opera
446 2699 558 2772 esset,
578 2684 772 2754 utinterea
780 2686 947 2780 parentis
960 2708 1115 2782 corpus,
1130 2699 1170 2758 et
1189 2701 1325 2762 venter

310 2805 570 2908 potissimum,
592 2800 718 2872 calens
740 2817 968 2890 servaretur,
997 2802 1145 2876 ratione
1163 2801 1202 2876 id
1221 2828 1320 2901 prat-

311 2934 547 2996 monstrante
563 2933 600 2990 et
623 2918 812 3017 Stalpartii
829 2917 899 2992 filii
916 2919 972 3016 (r)
991 2922 1030 2994 io
1048 2919 1324 2998 cantatoribus

311 3043 570 3140 experimento
591 3035 885 3135 comprobante,
904 3036 1133 3112 membranis
1150 3038 1251 3110 enim
1268 3040 1325 3114 iu·

311 3158 462 3230 volutos
474 3178 561 3226 cum
576 3155 762 3252 inaquam
775 3155 939 3254 tepidam
956 3155 1189 3242 immisisset,
1205 3155 1319 3238 etiam

310 3289 398 3377 post
417 3271 564 3368 aliquot
582 3270 696 3344 horas
719 3273 850 3371 pulsus
874 3297 1008 3346 eorum
1030 3272 1187 3346 invenit.
1213 3275 1318 3364 Quin

308 3417 356 3468 ex
363 3389 501 3462 illustri
509 3389 548 3462 io
566 3390 696 3464 silesia
713 3395 886 3464 Matrona
901 3393 977 3490 (α),
995 3404 1083 3464 aute
1097 3388 1214 3462 horas
1225 3415 1318 3490 qua·

305 3507 480 3604 tuorjam
502 3521 667 3597 mortua,
686 3508 890 3582 adveniens
916 3507 1069 3582 taudem
1096 3522 1325 3605 prosector,

283 3625 426 3700 ⁴inciso
451 3623 674 3715 abdomine,
699 3639 909 3723 uteroque,
936 3628 1124 3700 viventem
1154 3629 1314 3698 extraxit

301 3805 1313 3844 ..-................................„...............

342 3908 386 3991 (ι)
407 3913 535 3970 Exercit.
554 3912 590 3969 de
602 3911 709 3968 nutrit.
726 3911 820 3983 foet.§
835 3919 869 3979 ts
888 3913 921 3970 in
939 3912 1008 3972 fine.

340 4013 385 4093 (a)
405 4013 481 4088 Eph.
495 4013 533 4069 tt.
547 4012 582 4068 C.
593 4021 675 4068 cent.
689 4011 724 4085 3,
737 4011 804 4070 obs.
819 4010 867 4086 57.
